,sym,date,time,price,size,cond,cancelled,exchTime,exchDate,exch
0,0005.HK,2019-09-04,09:20:00.054,56.0,400,U,0,09:20:00.000,2019-09-04,HKG
1,0005.HK,2019-09-04,09:20:00.054,56.0,1200,U,0,09:20:00.000,2019-09-04,HKG
2,0005.HK,2019-09-04,09:20:00.054,56.0,400,U,0,09:20:00.000,2019-09-04,HKG
3,0005.HK,2019-09-04,09:20:00.054,56.0,2800,U,0,09:20:00.000,2019-09-04,HKG
4,0005.HK,2019-09-04,09:20:00.054,56.0,800,U,0,09:20:00.000,2019-09-04,HKG
5,0005.HK,2019-09-04,09:20:00.054,56.0,2000,U,0,09:20:00.000,2019-09-04,HKG
6,0005.HK,2019-09-04,09:20:00.054,56.0,400,U,0,09:20:00.000,2019-09-04,HKG
7,0005.HK,2019-09-04,09:20:00.054,56.0,5600,U,0,09:20:00.000,2019-09-04,HKG
8,0005.HK,2019-09-04,09:20:00.054,56.0,400,U,0,09:20:00.000,2019-09-04,HKG
9,0005.HK,2019-09-04,09:20:00.054,56.0,400,U,0,09:20:00.000,2019-09-04,HKG
10,0005.HK,2019-09-04,09:20:00.054,56.0,1200,U,0,09:20:00.000,2019-09-04,HKG
11,0005.HK,2019-09-04,09:20:00.054,56.0,400,U,0,09:20:00.000,2019-09-04,HKG
12,0005.HK,2019-09-04,09:20:00.054,56.0,6000,U,0,09:20:00.000,2019-09-04,HKG
13,0005.HK,2019-09-04,09:20:00.054,56.0,1600,U,0,09:20:00.000,2019-09-04,HKG
14,0005.HK,2019-09-04,09:20:00.054,56.0,800,U,0,09:20:00.000,2019-09-04,HKG
15,0005.HK,2019-09-04,09:20:00.054,56.0,400,U,0,09:20:00.000,2019-09-04,HKG
16,0005.HK,2019-09-04,09:20:00.054,56.0,20800,U,0,09:20:00.000,2019-09-04,HKG
17,0005.HK,2019-09-04,09:20:00.054,56.0,800,U,0,09:20:00.000,2019-09-04,HKG
18,0005.HK,2019-09-04,09:20:00.054,56.0,400,U,0,09:20:00.000,2019-09-04,HKG
19,0005.HK,2019-09-04,09:20:00.054,56.0,2000,U,0,09:20:00.000,2019-09-04,HKG
20,0005.HK,2019-09-04,09:20:00.054,56.0,2000,U,0,09:20:00.000,2019-09-04,HKG
21,0005.HK,2019-09-04,09:20:00.054,56.0,800,U,0,09:20:00.000,2019-09-04,HKG
22,0005.HK,2019-09-04,09:20:00.054,56.0,800,U,0,09:20:00.000,2019-09-04,HKG
23,0005.HK,2019-09-04,09:20:00.054,56.0,400,U,0,09:20:00.000,2019-09-04,HKG
24,0005.HK,2019-09-04,09:20:00.054,56.0,400,U,0,09:20:00.000,2019-09-04,HKG
25,0005.HK,2019-09-04,09:20:00.054,56.0,400,U,0,09:20:00.000,2019-09-04,HKG
26,0005.HK,2019-09-04,09:20:00.054,56.0,400,U,0,09:20:00.000,2019-09-04,HKG
27,0005.HK,2019-09-04,09:20:00.054,56.0,400,U,0,09:20:00.000,2019-09-04,HKG
28,0005.HK,2019-09-04,09:20:00.054,56.0,2400,U,0,09:20:00.000,2019-09-04,HKG
29,0005.HK,2019-09-04,09:20:00.054,56.0,400,U,0,09:20:00.000,2019-09-04,HKG
30,0005.HK,2019-09-04,09:20:00.054,56.0,400,U,0,09:20:00.000,2019-09-04,HKG
31,0005.HK,2019-09-04,09:20:00.054,56.0,800,U,0,09:20:00.000,2019-09-04,HKG
32,0005.HK,2019-09-04,09:20:00.054,56.0,1200,U,0,09:20:00.000,2019-09-04,HKG
33,0005.HK,2019-09-04,09:20:00.054,56.0,400,U,0,09:20:00.000,2019-09-04,HKG
34,0005.HK,2019-09-04,09:30:00.011,56.1,2000,,0,09:30:00.000,2019-09-04,HKG
35,0005.HK,2019-09-04,09:30:00.011,56.1,400,,0,09:30:00.000,2019-09-04,HKG
36,0005.HK,2019-09-04,09:30:00.166,56.15,400,,0,09:30:00.000,2019-09-04,HKG
37,0005.HK,2019-09-04,09:30:00.190,56.2,800,,0,09:30:00.000,2019-09-04,HKG
38,0005.HK,2019-09-04,09:30:00.190,56.2,400,,0,09:30:00.000,2019-09-04,HKG
39,0005.HK,2019-09-04,09:30:00.190,56.2,400,,0,09:30:00.000,2019-09-04,HKG
40,0005.HK,2019-09-04,09:30:00.305,56.25,400,,0,09:30:00.000,2019-09-04,HKG
41,0005.HK,2019-09-04,09:30:00.305,56.25,20000,,0,09:30:00.000,2019-09-04,HKG
42,0005.HK,2019-09-04,09:30:00.305,56.25,400,,0,09:30:00.000,2019-09-04,HKG
43,0005.HK,2019-09-04,09:30:00.388,56.15,2400,,0,09:30:00.000,2019-09-04,HKG
44,0005.HK,2019-09-04,09:30:00.470,56.15,1200,,0,09:30:00.000,2019-09-04,HKG
45,0005.HK,2019-09-04,09:30:00.478,56.15,4800,,0,09:30:00.000,2019-09-04,HKG
46,0005.HK,2019-09-04,09:30:00.509,56.2,10000,,0,09:30:00.000,2019-09-04,HKG
47,0005.HK,2019-09-04,09:30:01.014,56.3,400,,0,09:30:01.000,2019-09-04,HKG
48,0005.HK,2019-09-04,09:30:01.053,56.3,400,,0,09:30:01.000,2019-09-04,HKG
49,0005.HK,2019-09-04,09:30:01.228,56.15,1200,,0,09:30:01.000,2019-09-04,HKG
50,0005.HK,2019-09-04,09:30:01.575,56.3,2800,,0,09:30:01.000,2019-09-04,HKG
51,0005.HK,2019-09-04,09:30:02.013,56.3,1200,,0,09:30:02.000,2019-09-04,HKG
52,0005.HK,2019-09-04,09:30:02.126,56.3,38400,,0,09:30:02.000,2019-09-04,HKG
53,0005.HK,2019-09-04,09:30:02.126,56.3,400,,0,09:30:02.000,2019-09-04,HKG
54,0005.HK,2019-09-04,09:30:02.126,56.3,400,,0,09:30:02.000,2019-09-04,HKG
55,0005.HK,2019-09-04,09:30:02.126,56.3,400,,0,09:30:02.000,2019-09-04,HKG
56,0005.HK,2019-09-04,09:30:02.126,56.3,1200,,0,09:30:02.000,2019-09-04,HKG
57,0005.HK,2019-09-04,09:30:02.126,56.3,400,,0,09:30:02.000,2019-09-04,HKG
58,0005.HK,2019-09-04,09:30:02.126,56.3,400,,0,09:30:02.000,2019-09-04,HKG
59,0005.HK,2019-09-04,09:30:02.126,56.3,800,,0,09:30:02.000,2019-09-04,HKG
60,0005.HK,2019-09-04,09:30:02.126,56.3,4400,,0,09:30:02.000,2019-09-04,HKG
61,0005.HK,2019-09-04,09:30:02.288,55.6,219,D,0,09:30:02.000,2019-09-04,HKG
62,0005.HK,2019-09-04,09:30:02.347,56.3,2800,,0,09:30:02.000,2019-09-04,HKG
63,0005.HK,2019-09-04,09:30:02.347,56.3,5200,Y,0,09:30:02.000,2019-09-04,HKG
64,0005.HK,2019-09-04,09:30:03.055,56.35,1200,,0,09:30:03.000,2019-09-04,HKG
65,0005.HK,2019-09-04,09:30:03.102,56.35,400,,0,09:30:03.000,2019-09-04,HKG
66,0005.HK,2019-09-04,09:30:04.008,56.25,1600,,0,09:30:04.000,2019-09-04,HKG
67,0005.HK,2019-09-04,09:30:04.008,56.25,4400,,0,09:30:04.000,2019-09-04,HKG
68,0005.HK,2019-09-04,09:30:04.018,56.25,400,,0,09:30:04.000,2019-09-04,HKG
69,0005.HK,2019-09-04,09:30:04.024,56.35,400,,0,09:30:04.000,2019-09-04,HKG
70,0005.HK,2019-09-04,09:30:04.036,56.35,2400,,0,09:30:04.000,2019-09-04,HKG
71,0005.HK,2019-09-04,09:30:04.077,56.25,2400,,0,09:30:04.000,2019-09-04,HKG
72,0005.HK,2019-09-04,09:30:05.016,56.3,400,,0,09:30:05.000,2019-09-04,HKG
73,0005.HK,2019-09-04,09:30:05.027,56.3,1600,,0,09:30:05.000,2019-09-04,HKG
74,0005.HK,2019-09-04,09:30:05.082,56.3,10800,,0,09:30:05.000,2019-09-04,HKG
75,0005.HK,2019-09-04,09:30:05.350,56.3,48000,,0,09:30:05.000,2019-09-04,HKG
76,0005.HK,2019-09-04,09:30:05.355,56.25,1200,,0,09:30:05.000,2019-09-04,HKG
77,0005.HK,2019-09-04,09:30:05.363,56.25,71600,,0,09:30:05.000,2019-09-04,HKG
78,0005.HK,2019-09-04,09:30:05.364,56.25,10000,,0,09:30:05.000,2019-09-04,HKG
79,0005.HK,2019-09-04,09:30:05.617,56.25,400,,0,09:30:05.000,2019-09-04,HKG
80,0005.HK,2019-09-04,09:30:05.943,56.35,4800,,0,09:30:05.000,2019-09-04,HKG
81,0005.HK,2019-09-04,09:30:06.015,56.35,400,,0,09:30:06.000,2019-09-04,HKG
82,0005.HK,2019-09-04,09:30:06.032,56.35,1600,,0,09:30:06.000,2019-09-04,HKG
83,0005.HK,2019-09-04,09:30:06.049,56.4,400,,0,09:30:06.000,2019-09-04,HKG
84,0005.HK,2019-09-04,09:30:06.049,56.4,400,,0,09:30:06.000,2019-09-04,HKG
85,0005.HK,2019-09-04,09:30:06.049,56.4,400,,0,09:30:06.000,2019-09-04,HKG
86,0005.HK,2019-09-04,09:30:06.049,56.4,400,,0,09:30:06.000,2019-09-04,HKG
87,0005.HK,2019-09-04,09:30:06.300,56.4,800,,0,09:30:06.000,2019-09-04,HKG
88,0005.HK,2019-09-04,09:30:06.300,56.4,5200,,0,09:30:06.000,2019-09-04,HKG
89,0005.HK,2019-09-04,09:30:06.300,56.4,400,,0,09:30:06.000,2019-09-04,HKG
90,0005.HK,2019-09-04,09:30:06.610,56.4,400,,0,09:30:06.000,2019-09-04,HKG
91,0005.HK,2019-09-04,09:30:07.008,56.35,400,,0,09:30:07.000,2019-09-04,HKG
92,0005.HK,2019-09-04,09:30:07.015,56.45,5200,,0,09:30:07.000,2019-09-04,HKG
93,0005.HK,2019-09-04,09:30:07.019,56.4,800,,0,09:30:07.000,2019-09-04,HKG
94,0005.HK,2019-09-04,09:30:07.028,56.4,800,,0,09:30:07.000,2019-09-04,HKG
95,0005.HK,2019-09-04,09:30:07.028,56.35,400,,0,09:30:07.000,2019-09-04,HKG
96,0005.HK,2019-09-04,09:30:07.028,56.35,9600,,0,09:30:07.000,2019-09-04,HKG
97,0005.HK,2019-09-04,09:30:07.028,56.35,2000,,0,09:30:07.000,2019-09-04,HKG
98,0005.HK,2019-09-04,09:30:07.032,56.4,400,,0,09:30:07.000,2019-09-04,HKG
99,0005.HK,2019-09-04,09:30:07.036,56.4,4000,,0,09:30:07.000,2019-09-04,HKG
100,0005.HK,2019-09-04,09:30:07.041,56.45,400,,0,09:30:07.000,2019-09-04,HKG
101,0005.HK,2019-09-04,09:30:08.003,56.3,2800,,0,09:30:08.000,2019-09-04,HKG
102,0005.HK,2019-09-04,09:30:08.003,56.3,1200,,0,09:30:08.000,2019-09-04,HKG
103,0005.HK,2019-09-04,09:30:08.003,56.3,4800,,0,09:30:08.000,2019-09-04,HKG
104,0005.HK,2019-09-04,09:30:08.003,56.3,800,,0,09:30:08.000,2019-09-04,HKG
105,0005.HK,2019-09-04,09:30:08.006,56.25,400,,0,09:30:08.000,2019-09-04,HKG
106,0005.HK,2019-09-04,09:30:08.013,56.25,400,,0,09:30:08.000,2019-09-04,HKG
107,0005.HK,2019-09-04,09:30:08.013,56.3,1200,,0,09:30:08.000,2019-09-04,HKG
108,0005.HK,2019-09-04,09:30:08.640,56.3,4000,,0,09:30:08.000,2019-09-04,HKG
109,0005.HK,2019-09-04,09:30:08.640,56.3,2000,,0,09:30:08.000,2019-09-04,HKG
110,0005.HK,2019-09-04,09:30:08.652,56.4,800,,0,09:30:08.000,2019-09-04,HKG
111,0005.HK,2019-09-04,09:30:09.494,56.45,4400,,0,09:30:09.000,2019-09-04,HKG
112,0005.HK,2019-09-04,09:30:09.494,56.45,10000,,0,09:30:09.000,2019-09-04,HKG
113,0005.HK,2019-09-04,09:30:09.494,56.45,400,,0,09:30:09.000,2019-09-04,HKG
114,0005.HK,2019-09-04,09:30:09.494,56.45,800,,0,09:30:09.000,2019-09-04,HKG
115,0005.HK,2019-09-04,09:30:09.873,56.45,400,,0,09:30:09.000,2019-09-04,HKG
116,0005.HK,2019-09-04,09:30:09.973,55.5,194,D,0,09:30:09.000,2019-09-04,HKG
117,0005.HK,2019-09-04,09:30:10.076,56.45,14800,,0,09:30:10.000,2019-09-04,HKG
118,0005.HK,2019-09-04,09:30:10.228,56.5,6800,,0,09:30:10.000,2019-09-04,HKG
119,0005.HK,2019-09-04,09:30:10.560,56.5,10800,,0,09:30:10.000,2019-09-04,HKG
120,0005.HK,2019-09-04,09:30:15.078,56.5,400,,0,09:30:15.000,2019-09-04,HKG
121,0005.HK,2019-09-04,09:30:15.078,56.5,2800,,0,09:30:15.000,2019-09-04,HKG
122,0005.HK,2019-09-04,09:30:15.624,56.5,400,,0,09:30:15.000,2019-09-04,HKG
123,0005.HK,2019-09-04,09:30:15.624,56.5,400,,0,09:30:15.000,2019-09-04,HKG
124,0005.HK,2019-09-04,09:30:16.040,56.5,800,,0,09:30:16.000,2019-09-04,HKG
125,0005.HK,2019-09-04,09:30:18.965,56.4,400,,0,09:30:18.000,2019-09-04,HKG
126,0005.HK,2019-09-04,09:30:19.008,56.4,400,,0,09:30:19.000,2019-09-04,HKG
127,0005.HK,2019-09-04,09:30:19.027,56.4,2800,,0,09:30:19.000,2019-09-04,HKG
128,0005.HK,2019-09-04,09:30:19.975,56.5,400,,0,09:30:19.000,2019-09-04,HKG
129,0005.HK,2019-09-04,09:30:20.079,56.5,800,,0,09:30:20.000,2019-09-04,HKG
130,0005.HK,2019-09-04,09:30:20.515,56.5,400,,0,09:30:20.000,2019-09-04,HKG
131,0005.HK,2019-09-04,09:30:22.031,56.4,10400,,0,09:30:22.000,2019-09-04,HKG
132,0005.HK,2019-09-04,09:30:22.031,56.4,7600,,0,09:30:22.000,2019-09-04,HKG
133,0005.HK,2019-09-04,09:30:22.031,56.4,21200,,0,09:30:22.000,2019-09-04,HKG
134,0005.HK,2019-09-04,09:30:22.031,56.4,1200,,0,09:30:22.000,2019-09-04,HKG
135,0005.HK,2019-09-04,09:30:22.031,56.4,6800,,0,09:30:22.000,2019-09-04,HKG
136,0005.HK,2019-09-04,09:30:22.031,56.4,4400,,0,09:30:22.000,2019-09-04,HKG
137,0005.HK,2019-09-04,09:30:22.031,56.4,400,,0,09:30:22.000,2019-09-04,HKG
138,0005.HK,2019-09-04,09:30:22.031,56.4,400,,0,09:30:22.000,2019-09-04,HKG
139,0005.HK,2019-09-04,09:30:22.031,56.4,400,,0,09:30:22.000,2019-09-04,HKG
140,0005.HK,2019-09-04,09:30:22.031,56.4,6400,,0,09:30:22.000,2019-09-04,HKG
141,0005.HK,2019-09-04,09:30:22.031,56.4,4000,,0,09:30:22.000,2019-09-04,HKG
142,0005.HK,2019-09-04,09:30:22.031,56.4,2400,,0,09:30:22.000,2019-09-04,HKG
143,0005.HK,2019-09-04,09:30:22.033,56.4,64800,,0,09:30:22.000,2019-09-04,HKG
144,0005.HK,2019-09-04,09:30:22.043,56.5,800,,0,09:30:22.000,2019-09-04,HKG
145,0005.HK,2019-09-04,09:30:23.013,56.4,2400,,0,09:30:23.000,2019-09-04,HKG
146,0005.HK,2019-09-04,09:30:23.021,56.5,400,,0,09:30:23.000,2019-09-04,HKG
147,0005.HK,2019-09-04,09:30:23.025,56.4,800,,0,09:30:23.000,2019-09-04,HKG
148,0005.HK,2019-09-04,09:30:25.003,56.4,400,,0,09:30:25.000,2019-09-04,HKG
149,0005.HK,2019-09-04,09:30:25.138,56.5,400,,0,09:30:25.000,2019-09-04,HKG
150,0005.HK,2019-09-04,09:30:25.138,56.5,400,,0,09:30:25.000,2019-09-04,HKG
151,0005.HK,2019-09-04,09:30:25.138,56.5,3200,,0,09:30:25.000,2019-09-04,HKG
152,0005.HK,2019-09-04,09:30:25.138,56.5,400,,0,09:30:25.000,2019-09-04,HKG
153,0005.HK,2019-09-04,09:30:25.139,56.5,400,,0,09:30:25.000,2019-09-04,HKG
154,0005.HK,2019-09-04,09:30:25.139,56.5,2000,,0,09:30:25.000,2019-09-04,HKG
155,0005.HK,2019-09-04,09:30:25.139,56.5,400,,0,09:30:25.000,2019-09-04,HKG
156,0005.HK,2019-09-04,09:30:25.139,56.5,1600,,0,09:30:25.000,2019-09-04,HKG
157,0005.HK,2019-09-04,09:30:25.139,56.5,800,,0,09:30:25.000,2019-09-04,HKG
158,0005.HK,2019-09-04,09:30:25.139,56.5,2000,,0,09:30:25.000,2019-09-04,HKG
159,0005.HK,2019-09-04,09:30:25.571,56.5,1200,,0,09:30:25.000,2019-09-04,HKG
160,0005.HK,2019-09-04,09:30:25.571,56.5,1200,,0,09:30:25.000,2019-09-04,HKG
161,0005.HK,2019-09-04,09:30:25.571,56.5,4000,,0,09:30:25.000,2019-09-04,HKG
162,0005.HK,2019-09-04,09:30:25.768,56.4,400,,0,09:30:25.000,2019-09-04,HKG
163,0005.HK,2019-09-04,09:30:26.011,56.4,1200,,0,09:30:26.000,2019-09-04,HKG
164,0005.HK,2019-09-04,09:30:30.086,56.5,2000,,0,09:30:30.000,2019-09-04,HKG
165,0005.HK,2019-09-04,09:30:30.335,55.8,74,D,0,09:30:30.000,2019-09-04,HKG
166,0005.HK,2019-09-04,09:30:30.335,55.75,114,D,0,09:30:30.000,2019-09-04,HKG
167,0005.HK,2019-09-04,09:30:30.335,55.85,31,D,0,09:30:30.000,2019-09-04,HKG
168,0005.HK,2019-09-04,09:30:30.587,56.5,1200,,0,09:30:30.000,2019-09-04,HKG
169,0005.HK,2019-09-04,09:30:31.284,56.5,400,,0,09:30:31.000,2019-09-04,HKG
170,0005.HK,2019-09-04,09:30:32.093,56.5,400,,0,09:30:32.000,2019-09-04,HKG
171,0005.HK,2019-09-04,09:30:32.093,56.5,400,,0,09:30:32.000,2019-09-04,HKG
172,0005.HK,2019-09-04,09:30:32.093,56.5,400,,0,09:30:32.000,2019-09-04,HKG
173,0005.HK,2019-09-04,09:30:32.093,56.5,400,,0,09:30:32.000,2019-09-04,HKG
174,0005.HK,2019-09-04,09:30:32.093,56.5,3200,,0,09:30:32.000,2019-09-04,HKG
175,0005.HK,2019-09-04,09:30:32.093,56.5,400,,0,09:30:32.000,2019-09-04,HKG
176,0005.HK,2019-09-04,09:30:32.093,56.5,400,Y,0,09:30:32.000,2019-09-04,HKG
177,0005.HK,2019-09-04,09:30:32.093,56.5,400,,0,09:30:32.000,2019-09-04,HKG
178,0005.HK,2019-09-04,09:30:32.093,56.5,10000,,0,09:30:32.000,2019-09-04,HKG
179,0005.HK,2019-09-04,09:30:32.093,56.5,800,,0,09:30:32.000,2019-09-04,HKG
180,0005.HK,2019-09-04,09:30:32.093,56.5,11600,,0,09:30:32.000,2019-09-04,HKG
181,0005.HK,2019-09-04,09:30:32.095,56.5,10000,,0,09:30:32.000,2019-09-04,HKG
182,0005.HK,2019-09-04,09:30:32.095,56.5,2400,,0,09:30:32.000,2019-09-04,HKG
183,0005.HK,2019-09-04,09:30:32.106,56.55,400,,0,09:30:32.000,2019-09-04,HKG
184,0005.HK,2019-09-04,09:30:32.597,56.5,4000,,0,09:30:32.000,2019-09-04,HKG
185,0005.HK,2019-09-04,09:30:32.654,56.5,1600,,0,09:30:32.000,2019-09-04,HKG
186,0005.HK,2019-09-04,09:30:32.654,56.5,800,,0,09:30:32.000,2019-09-04,HKG
187,0005.HK,2019-09-04,09:30:32.654,56.45,400,,0,09:30:32.000,2019-09-04,HKG
188,0005.HK,2019-09-04,09:30:33.606,56.55,400,,0,09:30:33.000,2019-09-04,HKG
189,0005.HK,2019-09-04,09:30:35.081,56.55,400,,0,09:30:35.000,2019-09-04,HKG
190,0005.HK,2019-09-04,09:30:35.081,56.55,4800,,0,09:30:35.000,2019-09-04,HKG
191,0005.HK,2019-09-04,09:30:35.521,56.55,1200,,0,09:30:35.000,2019-09-04,HKG
192,0005.HK,2019-09-04,09:30:35.521,56.55,400,,0,09:30:35.000,2019-09-04,HKG
193,0005.HK,2019-09-04,09:30:35.521,56.55,800,,0,09:30:35.000,2019-09-04,HKG
194,0005.HK,2019-09-04,09:30:35.521,56.55,400,,0,09:30:35.000,2019-09-04,HKG
195,0005.HK,2019-09-04,09:30:35.578,56.45,1200,,0,09:30:35.000,2019-09-04,HKG
196,0005.HK,2019-09-04,09:30:35.578,56.45,800,,0,09:30:35.000,2019-09-04,HKG
197,0005.HK,2019-09-04,09:30:40.080,56.55,800,,0,09:30:40.000,2019-09-04,HKG
198,0005.HK,2019-09-04,09:30:40.522,56.6,400,,0,09:30:40.000,2019-09-04,HKG
199,0005.HK,2019-09-04,09:30:44.522,56.6,1600,,0,09:30:44.000,2019-09-04,HKG
200,0005.HK,2019-09-04,09:30:45.207,56.6,400,,0,09:30:45.000,2019-09-04,HKG
201,0005.HK,2019-09-04,09:30:45.207,56.6,3600,,0,09:30:45.000,2019-09-04,HKG
202,0005.HK,2019-09-04,09:30:45.207,56.6,1200,,0,09:30:45.000,2019-09-04,HKG
203,0005.HK,2019-09-04,09:30:45.207,56.6,400,,0,09:30:45.000,2019-09-04,HKG
204,0005.HK,2019-09-04,09:30:45.207,56.6,400,,0,09:30:45.000,2019-09-04,HKG
205,0005.HK,2019-09-04,09:30:45.207,56.6,800,,0,09:30:45.000,2019-09-04,HKG
206,0005.HK,2019-09-04,09:30:45.207,56.6,400,,0,09:30:45.000,2019-09-04,HKG
207,0005.HK,2019-09-04,09:30:45.207,56.6,800,,0,09:30:45.000,2019-09-04,HKG
208,0005.HK,2019-09-04,09:30:45.207,56.6,7600,,0,09:30:45.000,2019-09-04,HKG
209,0005.HK,2019-09-04,09:30:45.207,56.6,2000,,0,09:30:45.000,2019-09-04,HKG
210,0005.HK,2019-09-04,09:30:45.207,56.55,400,,0,09:30:45.000,2019-09-04,HKG
211,0005.HK,2019-09-04,09:30:48.307,56.55,400,,0,09:30:48.000,2019-09-04,HKG
212,0005.HK,2019-09-04,09:30:48.307,56.55,800,,0,09:30:48.000,2019-09-04,HKG
213,0005.HK,2019-09-04,09:30:50.141,56.6,1200,,0,09:30:50.000,2019-09-04,HKG
214,0005.HK,2019-09-04,09:30:50.593,56.6,1200,,0,09:30:50.000,2019-09-04,HKG
215,0005.HK,2019-09-04,09:30:52.979,56.55,2000,Y,0,09:30:52.000,2019-09-04,HKG
216,0005.HK,2019-09-04,09:30:53.508,56.6,1200,,0,09:30:53.000,2019-09-04,HKG
217,0005.HK,2019-09-04,09:30:53.508,56.6,2800,,0,09:30:53.000,2019-09-04,HKG
218,0005.HK,2019-09-04,09:30:53.990,56.6,400,,0,09:30:53.000,2019-09-04,HKG
219,0005.HK,2019-09-04,09:30:55.080,56.6,800,,0,09:30:55.000,2019-09-04,HKG
220,0005.HK,2019-09-04,09:30:55.522,56.6,400,,0,09:30:55.000,2019-09-04,HKG
221,0005.HK,2019-09-04,09:30:55.968,55.0,1,D,0,09:30:55.000,2019-09-04,HKG
222,0005.HK,2019-09-04,09:30:57.675,55.5,1,D,0,09:30:57.000,2019-09-04,HKG
223,0005.HK,2019-09-04,09:30:57.862,56.05,134,D,0,09:30:57.000,2019-09-04,HKG
224,0005.HK,2019-09-04,09:30:59.331,55.6,1,D,0,09:30:59.000,2019-09-04,HKG
225,0005.HK,2019-09-04,09:31:00.639,55.6,1,D,0,09:31:00.000,2019-09-04,HKG
226,0005.HK,2019-09-04,09:31:01.039,56.6,3600,,0,09:31:01.000,2019-09-04,HKG
227,0005.HK,2019-09-04,09:31:02.094,55.8,1,D,0,09:31:02.000,2019-09-04,HKG
228,0005.HK,2019-09-04,09:31:03.052,56.6,1600,,0,09:31:03.000,2019-09-04,HKG
229,0005.HK,2019-09-04,09:31:03.439,55.9,1,D,0,09:31:03.000,2019-09-04,HKG
230,0005.HK,2019-09-04,09:31:04.906,55.9,1,D,0,09:31:04.000,2019-09-04,HKG
231,0005.HK,2019-09-04,09:31:05.082,56.6,400,,0,09:31:05.000,2019-09-04,HKG
232,0005.HK,2019-09-04,09:31:06.101,56.6,6400,,0,09:31:06.000,2019-09-04,HKG
233,0005.HK,2019-09-04,09:31:06.101,56.6,14400,,0,09:31:06.000,2019-09-04,HKG
234,0005.HK,2019-09-04,09:31:06.101,56.6,4400,,0,09:31:06.000,2019-09-04,HKG
235,0005.HK,2019-09-04,09:31:06.109,55.9,1,D,0,09:31:06.000,2019-09-04,HKG
236,0005.HK,2019-09-04,09:31:06.110,56.6,6800,,0,09:31:06.000,2019-09-04,HKG
237,0005.HK,2019-09-04,09:31:06.117,56.6,4400,,0,09:31:06.000,2019-09-04,HKG
238,0005.HK,2019-09-04,09:31:06.163,56.6,2000,,0,09:31:06.000,2019-09-04,HKG
239,0005.HK,2019-09-04,09:31:07.110,56.65,400,,0,09:31:07.000,2019-09-04,HKG
240,0005.HK,2019-09-04,09:31:07.505,55.9,1,D,0,09:31:07.000,2019-09-04,HKG
241,0005.HK,2019-09-04,09:31:09.430,55.95,1,D,0,09:31:09.000,2019-09-04,HKG
242,0005.HK,2019-09-04,09:31:10.140,56.65,4000,,0,09:31:10.000,2019-09-04,HKG
243,0005.HK,2019-09-04,09:31:10.580,56.65,2400,,0,09:31:10.000,2019-09-04,HKG
244,0005.HK,2019-09-04,09:31:10.781,55.95,1,D,0,09:31:10.000,2019-09-04,HKG
245,0005.HK,2019-09-04,09:31:11.197,56.6,400,,0,09:31:11.000,2019-09-04,HKG
246,0005.HK,2019-09-04,09:31:12.020,55.95,1,D,0,09:31:12.000,2019-09-04,HKG
247,0005.HK,2019-09-04,09:31:12.676,56.6,400,,0,09:31:12.000,2019-09-04,HKG
248,0005.HK,2019-09-04,09:31:12.935,56.6,400,,0,09:31:12.000,2019-09-04,HKG
249,0005.HK,2019-09-04,09:31:14.162,56.65,3200,,0,09:31:14.000,2019-09-04,HKG
250,0005.HK,2019-09-04,09:31:14.163,56.65,400,,0,09:31:14.000,2019-09-04,HKG
251,0005.HK,2019-09-04,09:31:14.163,56.65,400,,0,09:31:14.000,2019-09-04,HKG
252,0005.HK,2019-09-04,09:31:14.163,56.65,6000,,0,09:31:14.000,2019-09-04,HKG
253,0005.HK,2019-09-04,09:31:14.163,56.65,4000,,0,09:31:14.000,2019-09-04,HKG
254,0005.HK,2019-09-04,09:31:14.163,56.65,14800,,0,09:31:14.000,2019-09-04,HKG
255,0005.HK,2019-09-04,09:31:14.163,56.65,6800,,0,09:31:14.000,2019-09-04,HKG
256,0005.HK,2019-09-04,09:31:14.173,56.65,400,,0,09:31:14.000,2019-09-04,HKG
257,0005.HK,2019-09-04,09:31:14.173,56.65,3600,,0,09:31:14.000,2019-09-04,HKG
258,0005.HK,2019-09-04,09:31:14.173,56.65,2000,,0,09:31:14.000,2019-09-04,HKG
259,0005.HK,2019-09-04,09:31:14.342,55.95,1,D,0,09:31:14.000,2019-09-04,HKG
260,0005.HK,2019-09-04,09:31:15.082,56.7,400,,0,09:31:15.000,2019-09-04,HKG
261,0005.HK,2019-09-04,09:31:15.082,56.7,1200,,0,09:31:15.000,2019-09-04,HKG
262,0005.HK,2019-09-04,09:31:15.082,56.7,400,,0,09:31:15.000,2019-09-04,HKG
263,0005.HK,2019-09-04,09:31:15.082,56.7,800,,0,09:31:15.000,2019-09-04,HKG
264,0005.HK,2019-09-04,09:31:15.082,56.7,2000,,0,09:31:15.000,2019-09-04,HKG
265,0005.HK,2019-09-04,09:31:15.205,56.75,400,,0,09:31:15.000,2019-09-04,HKG
266,0005.HK,2019-09-04,09:31:15.578,56.75,1600,,0,09:31:15.000,2019-09-04,HKG
267,0005.HK,2019-09-04,09:31:15.578,56.75,400,,0,09:31:15.000,2019-09-04,HKG
268,0005.HK,2019-09-04,09:31:15.578,56.75,400,,0,09:31:15.000,2019-09-04,HKG
269,0005.HK,2019-09-04,09:31:15.602,55.95,1,D,0,09:31:15.000,2019-09-04,HKG
270,0005.HK,2019-09-04,09:31:16.914,55.95,1,D,0,09:31:16.000,2019-09-04,HKG
271,0005.HK,2019-09-04,09:31:17.046,56.7,1200,,0,09:31:17.000,2019-09-04,HKG
272,0005.HK,2019-09-04,09:31:17.046,56.7,400,,0,09:31:17.000,2019-09-04,HKG
273,0005.HK,2019-09-04,09:31:17.047,56.7,400,,0,09:31:17.000,2019-09-04,HKG
274,0005.HK,2019-09-04,09:31:17.047,56.7,4800,,0,09:31:17.000,2019-09-04,HKG
275,0005.HK,2019-09-04,09:31:18.226,55.95,1,D,0,09:31:18.000,2019-09-04,HKG
276,0005.HK,2019-09-04,09:31:20.083,56.7,1200,,0,09:31:20.000,2019-09-04,HKG
277,0005.HK,2019-09-04,09:31:21.363,56.7,4800,,0,09:31:21.000,2019-09-04,HKG
278,0005.HK,2019-09-04,09:31:24.278,56.75,400,,0,09:31:24.000,2019-09-04,HKG
279,0005.HK,2019-09-04,09:31:25.083,56.75,800,,0,09:31:25.000,2019-09-04,HKG
280,0005.HK,2019-09-04,09:31:25.549,56.75,400,,0,09:31:25.000,2019-09-04,HKG
281,0005.HK,2019-09-04,09:31:25.700,56.65,800,,0,09:31:25.000,2019-09-04,HKG
282,0005.HK,2019-09-04,09:31:25.700,56.65,1200,,0,09:31:25.000,2019-09-04,HKG
283,0005.HK,2019-09-04,09:31:28.860,56.65,800,,0,09:31:28.000,2019-09-04,HKG
284,0005.HK,2019-09-04,09:31:30.084,56.75,400,,0,09:31:30.000,2019-09-04,HKG
285,0005.HK,2019-09-04,09:31:30.607,56.75,400,,0,09:31:30.000,2019-09-04,HKG
286,0005.HK,2019-09-04,09:31:32.100,56.75,5200,,0,09:31:32.000,2019-09-04,HKG
287,0005.HK,2019-09-04,09:31:32.100,56.75,400,Y,0,09:31:32.000,2019-09-04,HKG
288,0005.HK,2019-09-04,09:31:32.100,56.75,400,,0,09:31:32.000,2019-09-04,HKG
289,0005.HK,2019-09-04,09:31:32.100,56.75,8800,Y,0,09:31:32.000,2019-09-04,HKG
290,0005.HK,2019-09-04,09:31:32.100,56.75,2400,Y,0,09:31:32.000,2019-09-04,HKG
291,0005.HK,2019-09-04,09:31:32.100,56.75,4000,,0,09:31:32.000,2019-09-04,HKG
292,0005.HK,2019-09-04,09:31:32.982,56.75,2800,Y,0,09:31:32.000,2019-09-04,HKG
293,0005.HK,2019-09-04,09:31:32.982,56.75,800,Y,0,09:31:32.000,2019-09-04,HKG
294,0005.HK,2019-09-04,09:31:32.982,56.75,400,Y,0,09:31:32.000,2019-09-04,HKG
295,0005.HK,2019-09-04,09:31:33.107,56.8,400,,0,09:31:33.000,2019-09-04,HKG
296,0005.HK,2019-09-04,09:31:35.083,56.8,2400,,0,09:31:35.000,2019-09-04,HKG
297,0005.HK,2019-09-04,09:31:35.243,56.75,4400,,0,09:31:35.000,2019-09-04,HKG
298,0005.HK,2019-09-04,09:31:35.243,56.75,2000,,0,09:31:35.000,2019-09-04,HKG
299,0005.HK,2019-09-04,09:31:35.243,56.75,3600,,0,09:31:35.000,2019-09-04,HKG
300,0005.HK,2019-09-04,09:31:35.243,56.75,4000,,0,09:31:35.000,2019-09-04,HKG
301,0005.HK,2019-09-04,09:31:35.251,56.75,3200,,0,09:31:35.000,2019-09-04,HKG
302,0005.HK,2019-09-04,09:31:35.258,56.75,800,,0,09:31:35.000,2019-09-04,HKG
303,0005.HK,2019-09-04,09:31:35.258,56.75,2800,,0,09:31:35.000,2019-09-04,HKG
304,0005.HK,2019-09-04,09:31:35.258,56.75,400,,0,09:31:35.000,2019-09-04,HKG
305,0005.HK,2019-09-04,09:31:35.258,56.75,1200,,0,09:31:35.000,2019-09-04,HKG
306,0005.HK,2019-09-04,09:31:35.258,56.75,400,,0,09:31:35.000,2019-09-04,HKG
307,0005.HK,2019-09-04,09:31:35.638,56.8,1200,,0,09:31:35.000,2019-09-04,HKG
308,0005.HK,2019-09-04,09:31:37.872,56.7,800,,0,09:31:37.000,2019-09-04,HKG
309,0005.HK,2019-09-04,09:31:38.472,56.0,14,D,0,09:31:38.000,2019-09-04,HKG
310,0005.HK,2019-09-04,09:31:39.478,56.7,400,,0,09:31:39.000,2019-09-04,HKG
311,0005.HK,2019-09-04,09:31:40.083,56.75,2400,,0,09:31:40.000,2019-09-04,HKG
312,0005.HK,2019-09-04,09:31:40.556,56.75,400,,0,09:31:40.000,2019-09-04,HKG
313,0005.HK,2019-09-04,09:31:44.878,55.95,1,D,0,09:31:44.000,2019-09-04,HKG
314,0005.HK,2019-09-04,09:31:45.145,56.75,400,,0,09:31:45.000,2019-09-04,HKG
315,0005.HK,2019-09-04,09:31:45.785,56.3,348,D,0,09:31:45.000,2019-09-04,HKG
316,0005.HK,2019-09-04,09:31:46.315,56.75,800,,0,09:31:46.000,2019-09-04,HKG
317,0005.HK,2019-09-04,09:31:46.315,56.75,2000,,0,09:31:46.000,2019-09-04,HKG
318,0005.HK,2019-09-04,09:31:46.315,56.75,1600,,0,09:31:46.000,2019-09-04,HKG
319,0005.HK,2019-09-04,09:31:46.640,55.95,1,D,0,09:31:46.000,2019-09-04,HKG
320,0005.HK,2019-09-04,09:31:48.080,55.95,1,D,0,09:31:48.000,2019-09-04,HKG
321,0005.HK,2019-09-04,09:31:48.240,56.8,800,,0,09:31:48.000,2019-09-04,HKG
322,0005.HK,2019-09-04,09:31:49.602,55.95,1,D,0,09:31:49.000,2019-09-04,HKG
323,0005.HK,2019-09-04,09:31:50.088,56.75,400,,0,09:31:50.000,2019-09-04,HKG
324,0005.HK,2019-09-04,09:31:50.089,56.75,800,,0,09:31:50.000,2019-09-04,HKG
325,0005.HK,2019-09-04,09:31:50.580,56.7,400,,0,09:31:50.000,2019-09-04,HKG
326,0005.HK,2019-09-04,09:31:51.236,55.95,1,D,0,09:31:51.000,2019-09-04,HKG
327,0005.HK,2019-09-04,09:31:52.520,55.95,1,D,0,09:31:52.000,2019-09-04,HKG
328,0005.HK,2019-09-04,09:31:54.951,56.0,1,D,0,09:31:54.000,2019-09-04,HKG
329,0005.HK,2019-09-04,09:31:55.082,56.75,400,,0,09:31:55.000,2019-09-04,HKG
330,0005.HK,2019-09-04,09:31:56.192,56.0,1,D,0,09:31:56.000,2019-09-04,HKG
331,0005.HK,2019-09-04,09:31:56.885,56.7,400,,0,09:31:56.000,2019-09-04,HKG
332,0005.HK,2019-09-04,09:31:57.909,56.0,1,D,0,09:31:57.000,2019-09-04,HKG
333,0005.HK,2019-09-04,09:31:59.419,56.0,1,D,0,09:31:59.000,2019-09-04,HKG
334,0005.HK,2019-09-04,09:32:00.399,56.7,1600,,0,09:32:00.000,2019-09-04,HKG
335,0005.HK,2019-09-04,09:32:01.249,56.7,2000,,0,09:32:01.000,2019-09-04,HKG
336,0005.HK,2019-09-04,09:32:06.250,56.7,25,D,0,09:32:06.000,2019-09-04,HKG
337,0005.HK,2019-09-04,09:32:07.254,56.75,2400,,0,09:32:07.000,2019-09-04,HKG
338,0005.HK,2019-09-04,09:32:07.254,56.75,2000,,0,09:32:07.000,2019-09-04,HKG
339,0005.HK,2019-09-04,09:32:07.254,56.75,4000,,0,09:32:07.000,2019-09-04,HKG
340,0005.HK,2019-09-04,09:32:07.254,56.75,800,,0,09:32:07.000,2019-09-04,HKG
341,0005.HK,2019-09-04,09:32:07.254,56.75,400,,0,09:32:07.000,2019-09-04,HKG
342,0005.HK,2019-09-04,09:32:07.256,56.75,24400,Y,0,09:32:07.000,2019-09-04,HKG
343,0005.HK,2019-09-04,09:32:07.256,56.75,4000,,0,09:32:07.000,2019-09-04,HKG
344,0005.HK,2019-09-04,09:32:08.262,56.8,400,,0,09:32:08.000,2019-09-04,HKG
345,0005.HK,2019-09-04,09:32:16.469,56.75,400,,0,09:32:16.000,2019-09-04,HKG
346,0005.HK,2019-09-04,09:32:20.909,56.7,20000,,0,09:32:20.000,2019-09-04,HKG
347,0005.HK,2019-09-04,09:32:25.228,56.75,1200,,0,09:32:25.000,2019-09-04,HKG
348,0005.HK,2019-09-04,09:32:25.487,56.75,28400,,0,09:32:25.000,2019-09-04,HKG
349,0005.HK,2019-09-04,09:32:25.487,56.75,2000,,0,09:32:25.000,2019-09-04,HKG
350,0005.HK,2019-09-04,09:32:25.487,56.75,2000,,0,09:32:25.000,2019-09-04,HKG
351,0005.HK,2019-09-04,09:32:25.487,56.75,400,,0,09:32:25.000,2019-09-04,HKG
352,0005.HK,2019-09-04,09:32:25.495,56.75,7600,,0,09:32:25.000,2019-09-04,HKG
353,0005.HK,2019-09-04,09:32:25.749,56.8,800,,0,09:32:25.000,2019-09-04,HKG
354,0005.HK,2019-09-04,09:32:25.749,56.8,400,,0,09:32:25.000,2019-09-04,HKG
355,0005.HK,2019-09-04,09:32:26.215,56.8,400,Y,0,09:32:26.000,2019-09-04,HKG
356,0005.HK,2019-09-04,09:32:26.888,56.75,1200,,0,09:32:26.000,2019-09-04,HKG
357,0005.HK,2019-09-04,09:32:27.295,56.8,400,Y,0,09:32:27.000,2019-09-04,HKG
358,0005.HK,2019-09-04,09:32:28.999,56.75,1200,,0,09:32:28.000,2019-09-04,HKG
359,0005.HK,2019-09-04,09:32:30.234,56.8,4800,,0,09:32:30.000,2019-09-04,HKG
360,0005.HK,2019-09-04,09:32:30.702,56.8,2400,,0,09:32:30.000,2019-09-04,HKG
361,0005.HK,2019-09-04,09:32:35.085,56.8,800,,0,09:32:35.000,2019-09-04,HKG
362,0005.HK,2019-09-04,09:32:35.189,56.75,10000,,0,09:32:35.000,2019-09-04,HKG
363,0005.HK,2019-09-04,09:32:35.671,56.8,400,,0,09:32:35.000,2019-09-04,HKG
364,0005.HK,2019-09-04,09:32:36.669,56.75,400,,0,09:32:36.000,2019-09-04,HKG
365,0005.HK,2019-09-04,09:32:36.786,56.75,800,,0,09:32:36.000,2019-09-04,HKG
366,0005.HK,2019-09-04,09:32:39.948,56.75,800,,0,09:32:39.000,2019-09-04,HKG
367,0005.HK,2019-09-04,09:32:40.089,56.8,1200,,0,09:32:40.000,2019-09-04,HKG
368,0005.HK,2019-09-04,09:32:40.669,56.8,400,,0,09:32:40.000,2019-09-04,HKG
369,0005.HK,2019-09-04,09:32:43.368,56.75,800,,0,09:32:43.000,2019-09-04,HKG
370,0005.HK,2019-09-04,09:32:43.368,56.75,800,,0,09:32:43.000,2019-09-04,HKG
371,0005.HK,2019-09-04,09:32:43.368,56.75,400,,0,09:32:43.000,2019-09-04,HKG
372,0005.HK,2019-09-04,09:32:43.848,56.75,2400,,0,09:32:43.000,2019-09-04,HKG
373,0005.HK,2019-09-04,09:32:46.217,56.8,400,,0,09:32:46.000,2019-09-04,HKG
374,0005.HK,2019-09-04,09:32:55.417,56.75,400,,0,09:32:55.000,2019-09-04,HKG
375,0005.HK,2019-09-04,09:32:55.466,56.8,400,,0,09:32:55.000,2019-09-04,HKG
376,0005.HK,2019-09-04,09:32:55.770,56.75,400,,0,09:32:55.000,2019-09-04,HKG
377,0005.HK,2019-09-04,09:32:59.689,56.75,400,,0,09:32:59.000,2019-09-04,HKG
378,0005.HK,2019-09-04,09:33:08.367,56.75,400,,0,09:33:08.000,2019-09-04,HKG
379,0005.HK,2019-09-04,09:33:13.171,56.75,800,,0,09:33:13.000,2019-09-04,HKG
380,0005.HK,2019-09-04,09:33:13.542,56.8,1200,,0,09:33:13.000,2019-09-04,HKG
381,0005.HK,2019-09-04,09:33:17.313,56.75,400,,0,09:33:17.000,2019-09-04,HKG
382,0005.HK,2019-09-04,09:33:19.487,56.8,7200,,0,09:33:19.000,2019-09-04,HKG
383,0005.HK,2019-09-04,09:33:19.490,56.75,800,,0,09:33:19.000,2019-09-04,HKG
384,0005.HK,2019-09-04,09:33:19.490,56.75,1200,,0,09:33:19.000,2019-09-04,HKG
385,0005.HK,2019-09-04,09:33:19.490,56.75,400,Y,0,09:33:19.000,2019-09-04,HKG
386,0005.HK,2019-09-04,09:33:19.807,56.75,400,,0,09:33:19.000,2019-09-04,HKG
387,0005.HK,2019-09-04,09:33:19.807,56.75,400,,0,09:33:19.000,2019-09-04,HKG
388,0005.HK,2019-09-04,09:33:19.807,56.75,2400,,0,09:33:19.000,2019-09-04,HKG
389,0005.HK,2019-09-04,09:33:19.807,56.75,1200,,0,09:33:19.000,2019-09-04,HKG
390,0005.HK,2019-09-04,09:33:19.807,56.75,800,,0,09:33:19.000,2019-09-04,HKG
391,0005.HK,2019-09-04,09:33:33.671,56.7,400,,0,09:33:33.000,2019-09-04,HKG
392,0005.HK,2019-09-04,09:33:33.671,56.7,400,,0,09:33:33.000,2019-09-04,HKG
393,0005.HK,2019-09-04,09:33:33.671,56.7,800,,0,09:33:33.000,2019-09-04,HKG
394,0005.HK,2019-09-04,09:33:33.671,56.7,800,,0,09:33:33.000,2019-09-04,HKG
395,0005.HK,2019-09-04,09:33:33.671,56.7,1200,,0,09:33:33.000,2019-09-04,HKG
396,0005.HK,2019-09-04,09:33:33.671,56.7,1200,,0,09:33:33.000,2019-09-04,HKG
397,0005.HK,2019-09-04,09:33:35.938,56.7,224,D,0,09:33:35.000,2019-09-04,HKG
398,0005.HK,2019-09-04,09:33:39.419,56.7,10000,,0,09:33:39.000,2019-09-04,HKG
399,0005.HK,2019-09-04,09:33:41.483,56.65,400,,0,09:33:41.000,2019-09-04,HKG
400,0005.HK,2019-09-04,09:33:41.483,56.65,4000,,0,09:33:41.000,2019-09-04,HKG
401,0005.HK,2019-09-04,09:33:41.483,56.65,400,,0,09:33:41.000,2019-09-04,HKG
402,0005.HK,2019-09-04,09:33:41.483,56.65,400,,0,09:33:41.000,2019-09-04,HKG
403,0005.HK,2019-09-04,09:33:41.483,56.65,1200,,0,09:33:41.000,2019-09-04,HKG
404,0005.HK,2019-09-04,09:33:41.484,56.65,1600,,0,09:33:41.000,2019-09-04,HKG
405,0005.HK,2019-09-04,09:33:41.494,56.65,1600,,0,09:33:41.000,2019-09-04,HKG
406,0005.HK,2019-09-04,09:33:41.499,56.65,5600,,0,09:33:41.000,2019-09-04,HKG
407,0005.HK,2019-09-04,09:33:46.628,56.7,400,,0,09:33:46.000,2019-09-04,HKG
408,0005.HK,2019-09-04,09:33:54.168,56.65,400,,0,09:33:54.000,2019-09-04,HKG
409,0005.HK,2019-09-04,09:33:54.944,56.65,400,,0,09:33:54.000,2019-09-04,HKG
410,0005.HK,2019-09-04,09:33:56.892,56.65,400,,0,09:33:56.000,2019-09-04,HKG
411,0005.HK,2019-09-04,09:33:56.892,56.65,400,,0,09:33:56.000,2019-09-04,HKG
412,0005.HK,2019-09-04,09:33:56.892,56.65,1200,,0,09:33:56.000,2019-09-04,HKG
413,0005.HK,2019-09-04,09:33:59.768,56.7,1200,,0,09:33:59.000,2019-09-04,HKG
414,0005.HK,2019-09-04,09:34:03.524,56.65,800,,0,09:34:03.000,2019-09-04,HKG
415,0005.HK,2019-09-04,09:34:03.524,56.65,1200,,0,09:34:03.000,2019-09-04,HKG
416,0005.HK,2019-09-04,09:34:03.524,56.65,800,,0,09:34:03.000,2019-09-04,HKG
417,0005.HK,2019-09-04,09:34:03.524,56.65,400,,0,09:34:03.000,2019-09-04,HKG
418,0005.HK,2019-09-04,09:34:03.594,56.65,400,,0,09:34:03.000,2019-09-04,HKG
419,0005.HK,2019-09-04,09:34:04.272,56.65,169,D,0,09:34:04.000,2019-09-04,HKG
420,0005.HK,2019-09-04,09:34:04.416,56.7,1200,,0,09:34:04.000,2019-09-04,HKG
421,0005.HK,2019-09-04,09:34:15.248,56.65,2000,,0,09:34:15.000,2019-09-04,HKG
422,0005.HK,2019-09-04,09:34:16.304,56.6,1,D,0,09:34:16.000,2019-09-04,HKG
423,0005.HK,2019-09-04,09:34:17.108,56.65,4800,,0,09:34:17.000,2019-09-04,HKG
424,0005.HK,2019-09-04,09:34:17.110,56.65,2000,,0,09:34:17.000,2019-09-04,HKG
425,0005.HK,2019-09-04,09:34:17.110,56.65,1600,Y,0,09:34:17.000,2019-09-04,HKG
426,0005.HK,2019-09-04,09:34:17.111,56.65,4800,Y,0,09:34:17.000,2019-09-04,HKG
427,0005.HK,2019-09-04,09:34:27.609,56.65,400,,0,09:34:27.000,2019-09-04,HKG
428,0005.HK,2019-09-04,09:34:27.925,56.6,400,,0,09:34:27.000,2019-09-04,HKG
429,0005.HK,2019-09-04,09:34:28.633,56.65,1600,,0,09:34:28.000,2019-09-04,HKG
430,0005.HK,2019-09-04,09:34:28.633,56.65,2400,Y,0,09:34:28.000,2019-09-04,HKG
431,0005.HK,2019-09-04,09:34:28.639,56.65,6800,Y,0,09:34:28.000,2019-09-04,HKG
432,0005.HK,2019-09-04,09:34:35.050,56.1,200,D,0,09:34:35.000,2019-09-04,HKG
433,0005.HK,2019-09-04,09:34:39.263,56.6,400,,0,09:34:39.000,2019-09-04,HKG
434,0005.HK,2019-09-04,09:34:39.263,56.6,1200,,0,09:34:39.000,2019-09-04,HKG
435,0005.HK,2019-09-04,09:34:39.263,56.6,400,,0,09:34:39.000,2019-09-04,HKG
436,0005.HK,2019-09-04,09:34:39.701,56.6,1200,,0,09:34:39.000,2019-09-04,HKG
437,0005.HK,2019-09-04,09:34:50.192,56.65,10000,,0,09:34:50.000,2019-09-04,HKG
438,0005.HK,2019-09-04,09:34:50.695,56.6,400,,0,09:34:50.000,2019-09-04,HKG
439,0005.HK,2019-09-04,09:34:50.695,56.6,400,,0,09:34:50.000,2019-09-04,HKG
440,0005.HK,2019-09-04,09:34:50.695,56.6,800,,0,09:34:50.000,2019-09-04,HKG
441,0005.HK,2019-09-04,09:34:50.695,56.6,800,,0,09:34:50.000,2019-09-04,HKG
442,0005.HK,2019-09-04,09:34:50.695,56.6,4000,,0,09:34:50.000,2019-09-04,HKG
443,0005.HK,2019-09-04,09:34:51.207,56.65,400,,0,09:34:51.000,2019-09-04,HKG
444,0005.HK,2019-09-04,09:34:53.790,56.6,4000,,0,09:34:53.000,2019-09-04,HKG
445,0005.HK,2019-09-04,09:34:58.488,56.6,9600,,0,09:34:58.000,2019-09-04,HKG
446,0005.HK,2019-09-04,09:34:58.488,56.6,400,,0,09:34:58.000,2019-09-04,HKG
447,0005.HK,2019-09-04,09:35:02.115,56.65,1200,,0,09:35:02.000,2019-09-04,HKG
448,0005.HK,2019-09-04,09:35:02.115,56.65,6400,Y,0,09:35:02.000,2019-09-04,HKG
449,0005.HK,2019-09-04,09:35:02.116,56.65,400,Y,0,09:35:02.000,2019-09-04,HKG
450,0005.HK,2019-09-04,09:35:02.116,56.65,2000,,0,09:35:02.000,2019-09-04,HKG
451,0005.HK,2019-09-04,09:35:02.116,56.65,800,Y,0,09:35:02.000,2019-09-04,HKG
452,0005.HK,2019-09-04,09:35:06.437,56.6,400,,0,09:35:06.000,2019-09-04,HKG
453,0005.HK,2019-09-04,09:35:10.850,56.6,190,D,0,09:35:10.000,2019-09-04,HKG
454,0005.HK,2019-09-04,09:35:17.118,56.65,4000,Y,0,09:35:17.000,2019-09-04,HKG
455,0005.HK,2019-09-04,09:35:17.119,56.65,800,Y,0,09:35:17.000,2019-09-04,HKG
456,0005.HK,2019-09-04,09:35:17.119,56.65,400,Y,0,09:35:17.000,2019-09-04,HKG
457,0005.HK,2019-09-04,09:35:17.121,56.65,800,,0,09:35:17.000,2019-09-04,HKG
458,0005.HK,2019-09-04,09:35:17.128,56.65,1200,Y,0,09:35:17.000,2019-09-04,HKG
459,0005.HK,2019-09-04,09:35:17.138,56.65,8400,Y,0,09:35:17.000,2019-09-04,HKG
460,0005.HK,2019-09-04,09:35:17.138,56.65,800,,0,09:35:17.000,2019-09-04,HKG
461,0005.HK,2019-09-04,09:35:17.138,56.65,2400,,0,09:35:17.000,2019-09-04,HKG
462,0005.HK,2019-09-04,09:35:18.126,56.7,400,,0,09:35:18.000,2019-09-04,HKG
463,0005.HK,2019-09-04,09:35:20.691,56.6,400,,0,09:35:20.000,2019-09-04,HKG
464,0005.HK,2019-09-04,09:35:21.685,56.6,400,,0,09:35:21.000,2019-09-04,HKG
465,0005.HK,2019-09-04,09:35:24.786,56.6,400,,0,09:35:24.000,2019-09-04,HKG
466,0005.HK,2019-09-04,09:35:24.786,56.6,800,,0,09:35:24.000,2019-09-04,HKG
467,0005.HK,2019-09-04,09:35:24.786,56.6,400,,0,09:35:24.000,2019-09-04,HKG
468,0005.HK,2019-09-04,09:35:24.786,56.6,400,,0,09:35:24.000,2019-09-04,HKG
469,0005.HK,2019-09-04,09:35:39.804,56.65,400,,0,09:35:39.000,2019-09-04,HKG
470,0005.HK,2019-09-04,09:35:40.399,56.65,1200,,0,09:35:40.000,2019-09-04,HKG
471,0005.HK,2019-09-04,09:35:40.399,56.65,6000,,0,09:35:40.000,2019-09-04,HKG
472,0005.HK,2019-09-04,09:35:40.399,56.65,400,,0,09:35:40.000,2019-09-04,HKG
473,0005.HK,2019-09-04,09:35:40.399,56.65,400,,0,09:35:40.000,2019-09-04,HKG
474,0005.HK,2019-09-04,09:35:40.400,56.65,400,,0,09:35:40.000,2019-09-04,HKG
475,0005.HK,2019-09-04,09:35:40.400,56.65,8800,,0,09:35:40.000,2019-09-04,HKG
476,0005.HK,2019-09-04,09:35:40.400,56.65,32000,,0,09:35:40.000,2019-09-04,HKG
477,0005.HK,2019-09-04,09:35:40.400,56.65,800,,0,09:35:40.000,2019-09-04,HKG
478,0005.HK,2019-09-04,09:35:40.756,56.7,400,,0,09:35:40.000,2019-09-04,HKG
479,0005.HK,2019-09-04,09:35:55.063,56.65,400,,0,09:35:55.000,2019-09-04,HKG
480,0005.HK,2019-09-04,09:35:55.063,56.65,1200,,0,09:35:55.000,2019-09-04,HKG
481,0005.HK,2019-09-04,09:35:55.063,56.65,400,,0,09:35:55.000,2019-09-04,HKG
482,0005.HK,2019-09-04,09:35:55.063,56.65,2000,,0,09:35:55.000,2019-09-04,HKG
483,0005.HK,2019-09-04,09:35:58.059,56.7,1200,,0,09:35:58.000,2019-09-04,HKG
484,0005.HK,2019-09-04,09:36:08.504,56.65,400,,0,09:36:08.000,2019-09-04,HKG
485,0005.HK,2019-09-04,09:36:09.218,56.7,400,,0,09:36:09.000,2019-09-04,HKG
486,0005.HK,2019-09-04,09:36:12.157,56.65,800,,0,09:36:12.000,2019-09-04,HKG
487,0005.HK,2019-09-04,09:36:13.401,56.65,400,,0,09:36:13.000,2019-09-04,HKG
488,0005.HK,2019-09-04,09:36:13.401,56.65,4800,,0,09:36:13.000,2019-09-04,HKG
489,0005.HK,2019-09-04,09:36:13.401,56.65,400,,0,09:36:13.000,2019-09-04,HKG
490,0005.HK,2019-09-04,09:36:13.401,56.65,400,,0,09:36:13.000,2019-09-04,HKG
491,0005.HK,2019-09-04,09:36:16.161,56.7,4000,,0,09:36:16.000,2019-09-04,HKG
492,0005.HK,2019-09-04,09:36:16.891,56.65,1200,,0,09:36:16.000,2019-09-04,HKG
493,0005.HK,2019-09-04,09:36:23.056,56.2,228,D,0,09:36:23.000,2019-09-04,HKG
494,0005.HK,2019-09-04,09:36:26.214,56.7,400,,0,09:36:26.000,2019-09-04,HKG
495,0005.HK,2019-09-04,09:36:28.184,56.65,400,,0,09:36:28.000,2019-09-04,HKG
496,0005.HK,2019-09-04,09:36:35.779,56.65,2000,,0,09:36:35.000,2019-09-04,HKG
497,0005.HK,2019-09-04,09:36:38.390,56.65,9600,,0,09:36:38.000,2019-09-04,HKG
498,0005.HK,2019-09-04,09:36:38.390,56.65,800,,0,09:36:38.000,2019-09-04,HKG
499,0005.HK,2019-09-04,09:36:38.390,56.65,400,,0,09:36:38.000,2019-09-04,HKG
500,0005.HK,2019-09-04,09:36:38.390,56.65,400,,0,09:36:38.000,2019-09-04,HKG
501,0005.HK,2019-09-04,09:36:38.390,56.65,400,,0,09:36:38.000,2019-09-04,HKG
502,0005.HK,2019-09-04,09:36:38.390,56.65,1200,,0,09:36:38.000,2019-09-04,HKG
503,0005.HK,2019-09-04,09:36:38.391,56.65,1600,,0,09:36:38.000,2019-09-04,HKG
504,0005.HK,2019-09-04,09:36:38.391,56.65,400,,0,09:36:38.000,2019-09-04,HKG
505,0005.HK,2019-09-04,09:36:38.391,56.65,400,,0,09:36:38.000,2019-09-04,HKG
506,0005.HK,2019-09-04,09:36:38.392,56.65,7200,,0,09:36:38.000,2019-09-04,HKG
507,0005.HK,2019-09-04,09:36:38.392,56.65,400,,0,09:36:38.000,2019-09-04,HKG
508,0005.HK,2019-09-04,09:36:38.406,56.65,2800,,0,09:36:38.000,2019-09-04,HKG
509,0005.HK,2019-09-04,09:36:38.580,56.65,1600,,0,09:36:38.000,2019-09-04,HKG
510,0005.HK,2019-09-04,09:36:38.580,56.65,800,,0,09:36:38.000,2019-09-04,HKG
511,0005.HK,2019-09-04,09:36:39.662,56.65,400,,0,09:36:39.000,2019-09-04,HKG
512,0005.HK,2019-09-04,09:36:43.602,56.6,400,,0,09:36:43.000,2019-09-04,HKG
513,0005.HK,2019-09-04,09:36:43.602,56.6,4000,,0,09:36:43.000,2019-09-04,HKG
514,0005.HK,2019-09-04,09:36:43.602,56.6,4000,,0,09:36:43.000,2019-09-04,HKG
515,0005.HK,2019-09-04,09:36:43.602,56.6,800,,0,09:36:43.000,2019-09-04,HKG
516,0005.HK,2019-09-04,09:36:43.602,56.6,1600,,0,09:36:43.000,2019-09-04,HKG
517,0005.HK,2019-09-04,09:36:43.602,56.6,400,,0,09:36:43.000,2019-09-04,HKG
518,0005.HK,2019-09-04,09:36:43.603,56.6,400,,0,09:36:43.000,2019-09-04,HKG
519,0005.HK,2019-09-04,09:36:43.603,56.6,2400,,0,09:36:43.000,2019-09-04,HKG
520,0005.HK,2019-09-04,09:36:43.603,56.6,1600,,0,09:36:43.000,2019-09-04,HKG
521,0005.HK,2019-09-04,09:36:43.664,56.6,400,,0,09:36:43.000,2019-09-04,HKG
522,0005.HK,2019-09-04,09:36:48.491,56.55,800,,0,09:36:48.000,2019-09-04,HKG
523,0005.HK,2019-09-04,09:36:51.287,56.6,800,,0,09:36:51.000,2019-09-04,HKG
524,0005.HK,2019-09-04,09:36:52.954,56.6,6000,,0,09:36:52.000,2019-09-04,HKG
525,0005.HK,2019-09-04,09:36:52.954,56.6,4000,,0,09:36:52.000,2019-09-04,HKG
526,0005.HK,2019-09-04,09:36:55.327,56.6,1200,,0,09:36:55.000,2019-09-04,HKG
527,0005.HK,2019-09-04,09:37:09.435,56.55,400,,0,09:37:09.000,2019-09-04,HKG
528,0005.HK,2019-09-04,09:37:09.435,56.55,400,,0,09:37:09.000,2019-09-04,HKG
529,0005.HK,2019-09-04,09:37:17.134,56.6,8400,Y,0,09:37:17.000,2019-09-04,HKG
530,0005.HK,2019-09-04,09:37:17.134,56.6,2800,Y,0,09:37:17.000,2019-09-04,HKG
531,0005.HK,2019-09-04,09:37:18.503,56.55,400,,0,09:37:18.000,2019-09-04,HKG
532,0005.HK,2019-09-04,09:37:18.503,56.55,400,,0,09:37:18.000,2019-09-04,HKG
533,0005.HK,2019-09-04,09:37:23.674,56.6,800,,0,09:37:23.000,2019-09-04,HKG
534,0005.HK,2019-09-04,09:37:25.885,56.55,400,,0,09:37:25.000,2019-09-04,HKG
535,0005.HK,2019-09-04,09:37:27.272,56.6,400,,0,09:37:27.000,2019-09-04,HKG
536,0005.HK,2019-09-04,09:37:38.102,56.6,2400,Y,0,09:37:38.000,2019-09-04,HKG
537,0005.HK,2019-09-04,09:37:38.102,56.6,400,,0,09:37:38.000,2019-09-04,HKG
538,0005.HK,2019-09-04,09:37:38.102,56.6,3600,Y,0,09:37:38.000,2019-09-04,HKG
539,0005.HK,2019-09-04,09:37:38.102,56.6,4800,Y,0,09:37:38.000,2019-09-04,HKG
540,0005.HK,2019-09-04,09:37:38.104,56.6,1200,,0,09:37:38.000,2019-09-04,HKG
541,0005.HK,2019-09-04,09:37:38.104,56.6,4000,,0,09:37:38.000,2019-09-04,HKG
542,0005.HK,2019-09-04,09:37:38.104,56.6,1200,,0,09:37:38.000,2019-09-04,HKG
543,0005.HK,2019-09-04,09:37:38.104,56.6,1200,,0,09:37:38.000,2019-09-04,HKG
544,0005.HK,2019-09-04,09:37:46.089,56.6,400,,0,09:37:46.000,2019-09-04,HKG
545,0005.HK,2019-09-04,09:37:50.606,56.55,400,,0,09:37:50.000,2019-09-04,HKG
546,0005.HK,2019-09-04,09:37:50.606,56.55,400,,0,09:37:50.000,2019-09-04,HKG
547,0005.HK,2019-09-04,09:37:50.606,56.55,2000,,0,09:37:50.000,2019-09-04,HKG
548,0005.HK,2019-09-04,09:37:57.244,56.55,400,,0,09:37:57.000,2019-09-04,HKG
549,0005.HK,2019-09-04,09:37:58.693,56.55,800,,0,09:37:58.000,2019-09-04,HKG
550,0005.HK,2019-09-04,09:38:03.039,56.55,4800,,0,09:38:03.000,2019-09-04,HKG
551,0005.HK,2019-09-04,09:38:08.100,56.6,1200,Y,0,09:38:08.000,2019-09-04,HKG
552,0005.HK,2019-09-04,09:38:08.100,56.6,9600,Y,0,09:38:08.000,2019-09-04,HKG
553,0005.HK,2019-09-04,09:38:09.519,56.0,4,D,0,09:38:09.000,2019-09-04,HKG
554,0005.HK,2019-09-04,09:38:09.519,56.6,800,,0,09:38:09.000,2019-09-04,HKG
555,0005.HK,2019-09-04,09:38:11.715,56.55,10000,,0,09:38:11.000,2019-09-04,HKG
556,0005.HK,2019-09-04,09:38:21.269,56.6,400,,0,09:38:21.000,2019-09-04,HKG
557,0005.HK,2019-09-04,09:38:21.269,56.6,400,,0,09:38:21.000,2019-09-04,HKG
558,0005.HK,2019-09-04,09:38:21.269,56.6,1200,,0,09:38:21.000,2019-09-04,HKG
559,0005.HK,2019-09-04,09:38:23.190,56.6,1200,,0,09:38:23.000,2019-09-04,HKG
560,0005.HK,2019-09-04,09:38:23.190,56.6,800,,0,09:38:23.000,2019-09-04,HKG
561,0005.HK,2019-09-04,09:38:23.191,56.6,400,,0,09:38:23.000,2019-09-04,HKG
562,0005.HK,2019-09-04,09:38:23.191,56.6,400,Y,0,09:38:23.000,2019-09-04,HKG
563,0005.HK,2019-09-04,09:38:23.191,56.6,1200,,0,09:38:23.000,2019-09-04,HKG
564,0005.HK,2019-09-04,09:38:24.201,56.6,400,Y,0,09:38:24.000,2019-09-04,HKG
565,0005.HK,2019-09-04,09:38:35.692,56.6,2000,,0,09:38:35.000,2019-09-04,HKG
566,0005.HK,2019-09-04,09:38:36.476,56.55,400,,0,09:38:36.000,2019-09-04,HKG
567,0005.HK,2019-09-04,09:38:36.694,56.6,800,Y,0,09:38:36.000,2019-09-04,HKG
568,0005.HK,2019-09-04,09:38:36.694,56.6,5600,Y,0,09:38:36.000,2019-09-04,HKG
569,0005.HK,2019-09-04,09:38:36.694,56.6,400,,0,09:38:36.000,2019-09-04,HKG
570,0005.HK,2019-09-04,09:38:36.694,56.6,1200,,0,09:38:36.000,2019-09-04,HKG
571,0005.HK,2019-09-04,09:38:36.694,56.6,2400,,0,09:38:36.000,2019-09-04,HKG
572,0005.HK,2019-09-04,09:38:38.544,56.6,400,,0,09:38:38.000,2019-09-04,HKG
573,0005.HK,2019-09-04,09:38:45.240,56.6,800,,0,09:38:45.000,2019-09-04,HKG
574,0005.HK,2019-09-04,09:38:49.688,56.6,800,,0,09:38:49.000,2019-09-04,HKG
575,0005.HK,2019-09-04,09:38:49.688,56.6,1600,,0,09:38:49.000,2019-09-04,HKG
576,0005.HK,2019-09-04,09:38:49.688,56.6,1200,,0,09:38:49.000,2019-09-04,HKG
577,0005.HK,2019-09-04,09:38:49.688,56.6,2000,,0,09:38:49.000,2019-09-04,HKG
578,0005.HK,2019-09-04,09:38:49.693,56.6,3600,,0,09:38:49.000,2019-09-04,HKG
579,0005.HK,2019-09-04,09:38:51.761,56.6,400,,0,09:38:51.000,2019-09-04,HKG
580,0005.HK,2019-09-04,09:38:51.775,56.6,800,,0,09:38:51.000,2019-09-04,HKG
581,0005.HK,2019-09-04,09:39:01.565,56.55,2400,,0,09:39:01.000,2019-09-04,HKG
582,0005.HK,2019-09-04,09:39:02.312,56.6,1200,,0,09:39:02.000,2019-09-04,HKG
583,0005.HK,2019-09-04,09:39:08.101,56.6,4000,,0,09:39:08.000,2019-09-04,HKG
584,0005.HK,2019-09-04,09:39:08.101,56.6,6800,Y,0,09:39:08.000,2019-09-04,HKG
585,0005.HK,2019-09-04,09:39:08.101,56.6,400,Y,0,09:39:08.000,2019-09-04,HKG
586,0005.HK,2019-09-04,09:39:08.101,56.6,400,,0,09:39:08.000,2019-09-04,HKG
587,0005.HK,2019-09-04,09:39:09.108,56.6,400,,0,09:39:09.000,2019-09-04,HKG
588,0005.HK,2019-09-04,09:39:10.995,56.6,1200,,0,09:39:10.000,2019-09-04,HKG
589,0005.HK,2019-09-04,09:39:10.995,56.6,2800,,0,09:39:10.000,2019-09-04,HKG
590,0005.HK,2019-09-04,09:39:18.849,56.55,800,,0,09:39:18.000,2019-09-04,HKG
591,0005.HK,2019-09-04,09:39:24.196,56.6,3600,,0,09:39:24.000,2019-09-04,HKG
592,0005.HK,2019-09-04,09:39:24.196,56.6,400,,0,09:39:24.000,2019-09-04,HKG
593,0005.HK,2019-09-04,09:39:24.196,56.6,2400,,0,09:39:24.000,2019-09-04,HKG
594,0005.HK,2019-09-04,09:39:25.443,56.55,2400,,0,09:39:25.000,2019-09-04,HKG
595,0005.HK,2019-09-04,09:39:31.905,56.6,800,,0,09:39:31.000,2019-09-04,HKG
596,0005.HK,2019-09-04,09:39:33.130,56.05,211,D,0,09:39:33.000,2019-09-04,HKG
597,0005.HK,2019-09-04,09:39:34.848,56.6,800,,0,09:39:34.000,2019-09-04,HKG
598,0005.HK,2019-09-04,09:39:34.848,56.6,800,,0,09:39:34.000,2019-09-04,HKG
599,0005.HK,2019-09-04,09:39:34.848,56.6,400,,0,09:39:34.000,2019-09-04,HKG
600,0005.HK,2019-09-04,09:39:34.848,56.6,2000,,0,09:39:34.000,2019-09-04,HKG
601,0005.HK,2019-09-04,09:39:38.102,56.6,6000,Y,0,09:39:38.000,2019-09-04,HKG
602,0005.HK,2019-09-04,09:39:38.102,56.6,4800,,0,09:39:38.000,2019-09-04,HKG
603,0005.HK,2019-09-04,09:39:40.958,56.6,3200,,0,09:39:40.000,2019-09-04,HKG
604,0005.HK,2019-09-04,09:39:40.958,56.6,1600,,0,09:39:40.000,2019-09-04,HKG
605,0005.HK,2019-09-04,09:39:40.958,56.6,400,,0,09:39:40.000,2019-09-04,HKG
606,0005.HK,2019-09-04,09:39:41.137,56.65,800,,0,09:39:41.000,2019-09-04,HKG
607,0005.HK,2019-09-04,09:39:41.767,56.6,800,,0,09:39:41.000,2019-09-04,HKG
608,0005.HK,2019-09-04,09:39:48.902,56.6,2000,,0,09:39:48.000,2019-09-04,HKG
609,0005.HK,2019-09-04,09:39:49.983,56.6,400,,0,09:39:49.000,2019-09-04,HKG
610,0005.HK,2019-09-04,09:39:50.232,56.6,2000,,0,09:39:50.000,2019-09-04,HKG
611,0005.HK,2019-09-04,09:40:01.801,56.6,1200,,0,09:40:01.000,2019-09-04,HKG
612,0005.HK,2019-09-04,09:40:02.094,56.65,400,,0,09:40:02.000,2019-09-04,HKG
613,0005.HK,2019-09-04,09:40:02.716,56.6,1200,,0,09:40:02.000,2019-09-04,HKG
614,0005.HK,2019-09-04,09:40:04.034,56.6,2000,,0,09:40:04.000,2019-09-04,HKG
615,0005.HK,2019-09-04,09:40:06.141,56.65,400,,0,09:40:06.000,2019-09-04,HKG
616,0005.HK,2019-09-04,09:40:07.291,56.65,800,,0,09:40:07.000,2019-09-04,HKG
617,0005.HK,2019-09-04,09:40:07.872,56.65,400,,0,09:40:07.000,2019-09-04,HKG
618,0005.HK,2019-09-04,09:40:11.216,56.65,400,,0,09:40:11.000,2019-09-04,HKG
619,0005.HK,2019-09-04,09:40:18.185,56.6,800,,0,09:40:18.000,2019-09-04,HKG
620,0005.HK,2019-09-04,09:40:22.176,56.6,4400,,0,09:40:22.000,2019-09-04,HKG
621,0005.HK,2019-09-04,09:40:22.176,56.6,1200,,0,09:40:22.000,2019-09-04,HKG
622,0005.HK,2019-09-04,09:40:22.176,56.6,2000,,0,09:40:22.000,2019-09-04,HKG
623,0005.HK,2019-09-04,09:40:22.176,56.6,1200,,0,09:40:22.000,2019-09-04,HKG
624,0005.HK,2019-09-04,09:40:22.176,56.6,1600,,0,09:40:22.000,2019-09-04,HKG
625,0005.HK,2019-09-04,09:40:22.176,56.6,1200,,0,09:40:22.000,2019-09-04,HKG
626,0005.HK,2019-09-04,09:40:22.176,56.6,800,,0,09:40:22.000,2019-09-04,HKG
627,0005.HK,2019-09-04,09:40:22.176,56.6,16000,,0,09:40:22.000,2019-09-04,HKG
628,0005.HK,2019-09-04,09:40:22.178,56.6,400,,0,09:40:22.000,2019-09-04,HKG
629,0005.HK,2019-09-04,09:40:22.178,56.6,400,,0,09:40:22.000,2019-09-04,HKG
630,0005.HK,2019-09-04,09:40:22.178,56.6,800,,0,09:40:22.000,2019-09-04,HKG
631,0005.HK,2019-09-04,09:40:22.178,56.6,400,,0,09:40:22.000,2019-09-04,HKG
632,0005.HK,2019-09-04,09:40:22.178,56.6,9600,,0,09:40:22.000,2019-09-04,HKG
633,0005.HK,2019-09-04,09:40:22.180,56.6,24800,,0,09:40:22.000,2019-09-04,HKG
634,0005.HK,2019-09-04,09:40:22.182,56.6,10000,,0,09:40:22.000,2019-09-04,HKG
635,0005.HK,2019-09-04,09:40:22.182,56.6,800,,0,09:40:22.000,2019-09-04,HKG
636,0005.HK,2019-09-04,09:40:22.182,56.6,4000,,0,09:40:22.000,2019-09-04,HKG
637,0005.HK,2019-09-04,09:40:22.184,56.6,8000,,0,09:40:22.000,2019-09-04,HKG
638,0005.HK,2019-09-04,09:40:22.184,56.6,2000,,0,09:40:22.000,2019-09-04,HKG
639,0005.HK,2019-09-04,09:40:22.184,56.6,9600,,0,09:40:22.000,2019-09-04,HKG
640,0005.HK,2019-09-04,09:40:22.184,56.6,1200,Y,0,09:40:22.000,2019-09-04,HKG
641,0005.HK,2019-09-04,09:40:22.872,56.65,5600,,0,09:40:22.000,2019-09-04,HKG
642,0005.HK,2019-09-04,09:40:26.141,56.65,3600,,0,09:40:26.000,2019-09-04,HKG
643,0005.HK,2019-09-04,09:40:26.141,56.65,800,,0,09:40:26.000,2019-09-04,HKG
644,0005.HK,2019-09-04,09:40:27.874,56.65,800,,0,09:40:27.000,2019-09-04,HKG
645,0005.HK,2019-09-04,09:40:29.835,56.6,400,,0,09:40:29.000,2019-09-04,HKG
646,0005.HK,2019-09-04,09:40:32.810,56.65,400,,0,09:40:32.000,2019-09-04,HKG
647,0005.HK,2019-09-04,09:40:33.616,56.6,800,,0,09:40:33.000,2019-09-04,HKG
648,0005.HK,2019-09-04,09:40:33.616,56.6,1200,,0,09:40:33.000,2019-09-04,HKG
649,0005.HK,2019-09-04,09:40:33.616,56.6,800,,0,09:40:33.000,2019-09-04,HKG
650,0005.HK,2019-09-04,09:40:37.933,56.65,400,,0,09:40:37.000,2019-09-04,HKG
651,0005.HK,2019-09-04,09:40:40.273,56.65,800,,0,09:40:40.000,2019-09-04,HKG
652,0005.HK,2019-09-04,09:40:41.044,56.65,400,,0,09:40:41.000,2019-09-04,HKG
653,0005.HK,2019-09-04,09:40:42.934,56.65,400,,0,09:40:42.000,2019-09-04,HKG
654,0005.HK,2019-09-04,09:40:45.095,56.6,400,,0,09:40:45.000,2019-09-04,HKG
655,0005.HK,2019-09-04,09:41:02.462,56.6,7200,,0,09:41:02.000,2019-09-04,HKG
656,0005.HK,2019-09-04,09:41:02.462,56.6,800,,0,09:41:02.000,2019-09-04,HKG
657,0005.HK,2019-09-04,09:41:03.546,56.65,400,,0,09:41:03.000,2019-09-04,HKG
658,0005.HK,2019-09-04,09:41:03.785,56.65,400,,0,09:41:03.000,2019-09-04,HKG
659,0005.HK,2019-09-04,09:41:17.411,56.65,1200,,0,09:41:17.000,2019-09-04,HKG
660,0005.HK,2019-09-04,09:41:25.126,56.65,400,,0,09:41:25.000,2019-09-04,HKG
661,0005.HK,2019-09-04,09:41:27.423,56.65,400,,0,09:41:27.000,2019-09-04,HKG
662,0005.HK,2019-09-04,09:41:31.991,56.65,2000,,0,09:41:31.000,2019-09-04,HKG
663,0005.HK,2019-09-04,09:41:42.068,56.6,1200,,0,09:41:42.000,2019-09-04,HKG
664,0005.HK,2019-09-04,09:41:43.227,56.6,400,,0,09:41:43.000,2019-09-04,HKG
665,0005.HK,2019-09-04,09:41:43.227,56.6,400,,0,09:41:43.000,2019-09-04,HKG
666,0005.HK,2019-09-04,09:41:43.227,56.6,400,,0,09:41:43.000,2019-09-04,HKG
667,0005.HK,2019-09-04,09:41:43.227,56.6,1200,,0,09:41:43.000,2019-09-04,HKG
668,0005.HK,2019-09-04,09:41:43.227,56.6,1200,,0,09:41:43.000,2019-09-04,HKG
669,0005.HK,2019-09-04,09:41:43.227,56.6,800,,0,09:41:43.000,2019-09-04,HKG
670,0005.HK,2019-09-04,09:41:43.227,56.6,400,,0,09:41:43.000,2019-09-04,HKG
671,0005.HK,2019-09-04,09:41:43.227,56.6,400,,0,09:41:43.000,2019-09-04,HKG
672,0005.HK,2019-09-04,09:41:43.227,56.6,8400,,0,09:41:43.000,2019-09-04,HKG
673,0005.HK,2019-09-04,09:41:43.227,56.6,1200,,0,09:41:43.000,2019-09-04,HKG
674,0005.HK,2019-09-04,09:41:43.227,56.6,2000,,0,09:41:43.000,2019-09-04,HKG
675,0005.HK,2019-09-04,09:41:43.227,56.6,2400,,0,09:41:43.000,2019-09-04,HKG
676,0005.HK,2019-09-04,09:41:43.229,56.6,2400,,0,09:41:43.000,2019-09-04,HKG
677,0005.HK,2019-09-04,09:41:43.229,56.6,400,,0,09:41:43.000,2019-09-04,HKG
678,0005.HK,2019-09-04,09:41:43.229,56.6,400,,0,09:41:43.000,2019-09-04,HKG
679,0005.HK,2019-09-04,09:41:43.229,56.6,2000,,0,09:41:43.000,2019-09-04,HKG
680,0005.HK,2019-09-04,09:41:43.229,56.6,1600,,0,09:41:43.000,2019-09-04,HKG
681,0005.HK,2019-09-04,09:41:43.238,56.6,4000,,0,09:41:43.000,2019-09-04,HKG
682,0005.HK,2019-09-04,09:41:43.238,56.6,4000,,0,09:41:43.000,2019-09-04,HKG
683,0005.HK,2019-09-04,09:41:44.235,56.65,400,,0,09:41:44.000,2019-09-04,HKG
684,0005.HK,2019-09-04,09:41:47.883,56.65,800,,0,09:41:47.000,2019-09-04,HKG
685,0005.HK,2019-09-04,09:41:47.883,56.65,800,,0,09:41:47.000,2019-09-04,HKG
686,0005.HK,2019-09-04,09:41:47.883,56.65,400,,0,09:41:47.000,2019-09-04,HKG
687,0005.HK,2019-09-04,09:41:48.849,56.6,800,,0,09:41:48.000,2019-09-04,HKG
688,0005.HK,2019-09-04,09:41:48.849,56.6,400,,0,09:41:48.000,2019-09-04,HKG
689,0005.HK,2019-09-04,09:41:48.849,56.6,400,,0,09:41:48.000,2019-09-04,HKG
690,0005.HK,2019-09-04,09:41:48.849,56.6,1600,,0,09:41:48.000,2019-09-04,HKG
691,0005.HK,2019-09-04,09:41:48.849,56.6,2400,,0,09:41:48.000,2019-09-04,HKG
692,0005.HK,2019-09-04,09:41:48.849,56.6,400,,0,09:41:48.000,2019-09-04,HKG
693,0005.HK,2019-09-04,09:41:48.851,56.6,800,,0,09:41:48.000,2019-09-04,HKG
694,0005.HK,2019-09-04,09:41:50.658,56.6,1600,,0,09:41:50.000,2019-09-04,HKG
695,0005.HK,2019-09-04,09:41:55.554,56.65,400,,0,09:41:55.000,2019-09-04,HKG
696,0005.HK,2019-09-04,09:42:18.582,56.6,400,,0,09:42:18.000,2019-09-04,HKG
697,0005.HK,2019-09-04,09:42:18.582,56.6,400,,0,09:42:18.000,2019-09-04,HKG
698,0005.HK,2019-09-04,09:42:19.604,56.6,800,,0,09:42:19.000,2019-09-04,HKG
699,0005.HK,2019-09-04,09:42:21.522,56.6,7600,,0,09:42:21.000,2019-09-04,HKG
700,0005.HK,2019-09-04,09:42:21.522,56.6,2000,,0,09:42:21.000,2019-09-04,HKG
701,0005.HK,2019-09-04,09:42:21.522,56.6,400,Y,0,09:42:21.000,2019-09-04,HKG
702,0005.HK,2019-09-04,09:42:21.522,56.6,800,,0,09:42:21.000,2019-09-04,HKG
703,0005.HK,2019-09-04,09:42:21.522,56.6,2000,,0,09:42:21.000,2019-09-04,HKG
704,0005.HK,2019-09-04,09:42:21.522,56.6,1200,,0,09:42:21.000,2019-09-04,HKG
705,0005.HK,2019-09-04,09:42:21.522,56.6,7600,,0,09:42:21.000,2019-09-04,HKG
706,0005.HK,2019-09-04,09:42:21.522,56.6,400,,0,09:42:21.000,2019-09-04,HKG
707,0005.HK,2019-09-04,09:42:32.228,56.6,400,,0,09:42:32.000,2019-09-04,HKG
708,0005.HK,2019-09-04,09:42:33.480,56.6,2800,,0,09:42:33.000,2019-09-04,HKG
709,0005.HK,2019-09-04,09:42:33.480,56.6,800,,0,09:42:33.000,2019-09-04,HKG
710,0005.HK,2019-09-04,09:42:33.480,56.6,2000,,0,09:42:33.000,2019-09-04,HKG
711,0005.HK,2019-09-04,09:42:33.480,56.6,1600,,0,09:42:33.000,2019-09-04,HKG
712,0005.HK,2019-09-04,09:42:33.743,56.6,2400,,0,09:42:33.000,2019-09-04,HKG
713,0005.HK,2019-09-04,09:42:33.743,56.6,400,,0,09:42:33.000,2019-09-04,HKG
714,0005.HK,2019-09-04,09:42:33.743,56.6,1200,,0,09:42:33.000,2019-09-04,HKG
715,0005.HK,2019-09-04,09:42:34.474,56.6,400,Y,0,09:42:34.000,2019-09-04,HKG
716,0005.HK,2019-09-04,09:42:38.646,56.55,2000,,0,09:42:38.000,2019-09-04,HKG
717,0005.HK,2019-09-04,09:42:39.776,56.55,2000,,0,09:42:39.000,2019-09-04,HKG
718,0005.HK,2019-09-04,09:42:49.260,56.6,400,,0,09:42:49.000,2019-09-04,HKG
719,0005.HK,2019-09-04,09:42:50.272,56.6,4000,Y,0,09:42:50.000,2019-09-04,HKG
720,0005.HK,2019-09-04,09:42:50.272,56.6,4800,Y,0,09:42:50.000,2019-09-04,HKG
721,0005.HK,2019-09-04,09:42:55.727,56.6,400,,0,09:42:55.000,2019-09-04,HKG
722,0005.HK,2019-09-04,09:43:15.888,56.6,400,,0,09:43:15.000,2019-09-04,HKG
723,0005.HK,2019-09-04,09:43:23.111,56.6,400,Y,0,09:43:23.000,2019-09-04,HKG
724,0005.HK,2019-09-04,09:43:23.111,56.6,2000,,0,09:43:23.000,2019-09-04,HKG
725,0005.HK,2019-09-04,09:43:23.112,56.6,400,,0,09:43:23.000,2019-09-04,HKG
726,0005.HK,2019-09-04,09:43:23.112,56.6,2000,,0,09:43:23.000,2019-09-04,HKG
727,0005.HK,2019-09-04,09:43:23.112,56.6,1600,,0,09:43:23.000,2019-09-04,HKG
728,0005.HK,2019-09-04,09:43:23.112,56.6,3600,Y,0,09:43:23.000,2019-09-04,HKG
729,0005.HK,2019-09-04,09:43:31.873,56.6,1600,,0,09:43:31.000,2019-09-04,HKG
730,0005.HK,2019-09-04,09:43:31.873,56.6,400,,0,09:43:31.000,2019-09-04,HKG
731,0005.HK,2019-09-04,09:43:33.329,56.6,800,,0,09:43:33.000,2019-09-04,HKG
732,0005.HK,2019-09-04,09:43:41.605,56.6,1200,,0,09:43:41.000,2019-09-04,HKG
733,0005.HK,2019-09-04,09:43:47.891,56.6,400,,0,09:43:47.000,2019-09-04,HKG
734,0005.HK,2019-09-04,09:43:48.418,56.55,400,,0,09:43:48.000,2019-09-04,HKG
735,0005.HK,2019-09-04,09:43:51.817,56.6,1200,,0,09:43:51.000,2019-09-04,HKG
736,0005.HK,2019-09-04,09:43:52.827,56.6,400,Y,0,09:43:52.000,2019-09-04,HKG
737,0005.HK,2019-09-04,09:43:52.827,56.6,4800,Y,0,09:43:52.000,2019-09-04,HKG
738,0005.HK,2019-09-04,09:43:52.827,56.6,3600,Y,0,09:43:52.000,2019-09-04,HKG
739,0005.HK,2019-09-04,09:43:52.892,56.6,400,,0,09:43:52.000,2019-09-04,HKG
740,0005.HK,2019-09-04,09:43:53.384,56.6,2800,,0,09:43:53.000,2019-09-04,HKG
741,0005.HK,2019-09-04,09:43:53.384,56.6,800,,0,09:43:53.000,2019-09-04,HKG
742,0005.HK,2019-09-04,09:43:53.384,56.6,400,,0,09:43:53.000,2019-09-04,HKG
743,0005.HK,2019-09-04,09:43:53.384,56.6,400,,0,09:43:53.000,2019-09-04,HKG
744,0005.HK,2019-09-04,09:43:53.384,56.6,400,,0,09:43:53.000,2019-09-04,HKG
745,0005.HK,2019-09-04,09:43:53.384,56.6,5200,,0,09:43:53.000,2019-09-04,HKG
746,0005.HK,2019-09-04,09:43:57.892,56.6,800,,0,09:43:57.000,2019-09-04,HKG
747,0005.HK,2019-09-04,09:43:57.892,56.6,1600,,0,09:43:57.000,2019-09-04,HKG
748,0005.HK,2019-09-04,09:44:13.994,56.6,800,,0,09:44:13.000,2019-09-04,HKG
749,0005.HK,2019-09-04,09:44:14.579,56.55,400,,0,09:44:14.000,2019-09-04,HKG
750,0005.HK,2019-09-04,09:44:14.579,56.55,4000,,0,09:44:14.000,2019-09-04,HKG
751,0005.HK,2019-09-04,09:44:14.579,56.55,1200,,0,09:44:14.000,2019-09-04,HKG
752,0005.HK,2019-09-04,09:44:14.579,56.55,800,,0,09:44:14.000,2019-09-04,HKG
753,0005.HK,2019-09-04,09:44:14.579,56.55,10800,,0,09:44:14.000,2019-09-04,HKG
754,0005.HK,2019-09-04,09:44:17.896,56.6,400,,0,09:44:17.000,2019-09-04,HKG
755,0005.HK,2019-09-04,09:44:21.349,56.1,1,D,0,09:44:21.000,2019-09-04,HKG
756,0005.HK,2019-09-04,09:44:22.326,56.6,2400,Y,0,09:44:22.000,2019-09-04,HKG
757,0005.HK,2019-09-04,09:44:22.326,56.6,6000,Y,0,09:44:22.000,2019-09-04,HKG
758,0005.HK,2019-09-04,09:44:22.371,56.6,400,,0,09:44:22.000,2019-09-04,HKG
759,0005.HK,2019-09-04,09:44:22.892,56.6,800,,0,09:44:22.000,2019-09-04,HKG
760,0005.HK,2019-09-04,09:44:23.336,56.6,400,,0,09:44:23.000,2019-09-04,HKG
761,0005.HK,2019-09-04,09:44:44.209,56.6,400,,0,09:44:44.000,2019-09-04,HKG
762,0005.HK,2019-09-04,09:44:45.457,56.55,1200,,0,09:44:45.000,2019-09-04,HKG
763,0005.HK,2019-09-04,09:44:45.457,56.55,800,,0,09:44:45.000,2019-09-04,HKG
764,0005.HK,2019-09-04,09:44:55.669,56.6,2000,,0,09:44:55.000,2019-09-04,HKG
765,0005.HK,2019-09-04,09:44:58.889,56.6,400,,0,09:44:58.000,2019-09-04,HKG
766,0005.HK,2019-09-04,09:45:02.209,56.6,7200,,0,09:45:02.000,2019-09-04,HKG
767,0005.HK,2019-09-04,09:45:02.209,56.6,2000,Y,0,09:45:02.000,2019-09-04,HKG
768,0005.HK,2019-09-04,09:45:03.391,56.6,800,,0,09:45:03.000,2019-09-04,HKG
769,0005.HK,2019-09-04,09:45:05.164,56.55,2000,,0,09:45:05.000,2019-09-04,HKG
770,0005.HK,2019-09-04,09:45:05.164,56.55,400,,0,09:45:05.000,2019-09-04,HKG
771,0005.HK,2019-09-04,09:45:05.164,56.55,2800,,0,09:45:05.000,2019-09-04,HKG
772,0005.HK,2019-09-04,09:45:06.669,56.6,3200,,0,09:45:06.000,2019-09-04,HKG
773,0005.HK,2019-09-04,09:45:06.669,56.6,2000,,0,09:45:06.000,2019-09-04,HKG
774,0005.HK,2019-09-04,09:45:06.669,56.6,3600,,0,09:45:06.000,2019-09-04,HKG
775,0005.HK,2019-09-04,09:45:06.669,56.6,5200,,0,09:45:06.000,2019-09-04,HKG
776,0005.HK,2019-09-04,09:45:06.669,56.6,800,,0,09:45:06.000,2019-09-04,HKG
777,0005.HK,2019-09-04,09:45:06.669,56.6,10000,,0,09:45:06.000,2019-09-04,HKG
778,0005.HK,2019-09-04,09:45:06.669,56.6,800,,0,09:45:06.000,2019-09-04,HKG
779,0005.HK,2019-09-04,09:45:06.669,56.6,400,,0,09:45:06.000,2019-09-04,HKG
780,0005.HK,2019-09-04,09:45:06.669,56.6,8000,,0,09:45:06.000,2019-09-04,HKG
781,0005.HK,2019-09-04,09:45:07.400,56.6,800,,0,09:45:07.000,2019-09-04,HKG
782,0005.HK,2019-09-04,09:45:07.635,56.65,400,,0,09:45:07.000,2019-09-04,HKG
783,0005.HK,2019-09-04,09:45:12.897,56.65,400,,0,09:45:12.000,2019-09-04,HKG
784,0005.HK,2019-09-04,09:45:22.896,56.65,400,,0,09:45:22.000,2019-09-04,HKG
785,0005.HK,2019-09-04,09:45:25.322,56.65,800,,0,09:45:25.000,2019-09-04,HKG
786,0005.HK,2019-09-04,09:45:25.503,56.6,185,D,0,09:45:25.000,2019-09-04,HKG
787,0005.HK,2019-09-04,09:45:27.919,56.65,400,,0,09:45:27.000,2019-09-04,HKG
788,0005.HK,2019-09-04,09:45:28.388,56.65,400,,0,09:45:28.000,2019-09-04,HKG
789,0005.HK,2019-09-04,09:45:28.895,56.65,800,,0,09:45:28.000,2019-09-04,HKG
790,0005.HK,2019-09-04,09:45:32.214,56.65,2800,,0,09:45:32.000,2019-09-04,HKG
791,0005.HK,2019-09-04,09:45:32.214,56.65,3600,,0,09:45:32.000,2019-09-04,HKG
792,0005.HK,2019-09-04,09:45:32.214,56.65,800,,0,09:45:32.000,2019-09-04,HKG
793,0005.HK,2019-09-04,09:45:32.904,56.65,1200,,0,09:45:32.000,2019-09-04,HKG
794,0005.HK,2019-09-04,09:45:33.640,56.65,800,,0,09:45:33.000,2019-09-04,HKG
795,0005.HK,2019-09-04,09:45:35.902,56.6,800,,0,09:45:35.000,2019-09-04,HKG
796,0005.HK,2019-09-04,09:45:52.896,56.65,400,,0,09:45:52.000,2019-09-04,HKG
797,0005.HK,2019-09-04,09:45:59.172,56.6,4000,,0,09:45:59.000,2019-09-04,HKG
798,0005.HK,2019-09-04,09:45:59.172,56.6,800,,0,09:45:59.000,2019-09-04,HKG
799,0005.HK,2019-09-04,09:45:59.172,56.6,1200,,0,09:45:59.000,2019-09-04,HKG
800,0005.HK,2019-09-04,09:45:59.172,56.6,400,,0,09:45:59.000,2019-09-04,HKG
801,0005.HK,2019-09-04,09:45:59.172,56.6,1600,,0,09:45:59.000,2019-09-04,HKG
802,0005.HK,2019-09-04,09:46:00.194,56.65,400,,0,09:46:00.000,2019-09-04,HKG
803,0005.HK,2019-09-04,09:46:02.219,56.65,400,,0,09:46:02.000,2019-09-04,HKG
804,0005.HK,2019-09-04,09:46:02.219,56.65,2000,,0,09:46:02.000,2019-09-04,HKG
805,0005.HK,2019-09-04,09:46:02.219,56.65,800,,0,09:46:02.000,2019-09-04,HKG
806,0005.HK,2019-09-04,09:46:02.219,56.65,1200,,0,09:46:02.000,2019-09-04,HKG
807,0005.HK,2019-09-04,09:46:02.219,56.65,2000,,0,09:46:02.000,2019-09-04,HKG
808,0005.HK,2019-09-04,09:46:02.219,56.65,1200,Y,0,09:46:02.000,2019-09-04,HKG
809,0005.HK,2019-09-04,09:46:06.758,56.6,1200,,0,09:46:06.000,2019-09-04,HKG
810,0005.HK,2019-09-04,09:46:20.381,56.65,2400,,0,09:46:20.000,2019-09-04,HKG
811,0005.HK,2019-09-04,09:46:20.381,56.65,3600,,0,09:46:20.000,2019-09-04,HKG
812,0005.HK,2019-09-04,09:46:20.381,56.65,4000,,0,09:46:20.000,2019-09-04,HKG
813,0005.HK,2019-09-04,09:46:21.392,56.65,3200,Y,0,09:46:21.000,2019-09-04,HKG
814,0005.HK,2019-09-04,09:46:21.392,56.65,3200,,0,09:46:21.000,2019-09-04,HKG
815,0005.HK,2019-09-04,09:46:21.392,56.65,800,,0,09:46:21.000,2019-09-04,HKG
816,0005.HK,2019-09-04,09:46:33.811,56.65,400,,0,09:46:33.000,2019-09-04,HKG
817,0005.HK,2019-09-04,09:46:41.505,56.6,2000,,0,09:46:41.000,2019-09-04,HKG
818,0005.HK,2019-09-04,09:46:45.289,56.6,800,,0,09:46:45.000,2019-09-04,HKG
819,0005.HK,2019-09-04,09:46:49.100,56.65,800,,0,09:46:49.000,2019-09-04,HKG
820,0005.HK,2019-09-04,09:46:49.100,56.65,400,,0,09:46:49.000,2019-09-04,HKG
821,0005.HK,2019-09-04,09:47:03.098,56.6,800,,0,09:47:03.000,2019-09-04,HKG
822,0005.HK,2019-09-04,09:47:06.244,56.65,800,,0,09:47:06.000,2019-09-04,HKG
823,0005.HK,2019-09-04,09:47:07.199,56.65,800,,0,09:47:07.000,2019-09-04,HKG
824,0005.HK,2019-09-04,09:47:13.679,56.65,400,,0,09:47:13.000,2019-09-04,HKG
825,0005.HK,2019-09-04,09:47:14.233,56.6,1200,,0,09:47:14.000,2019-09-04,HKG
826,0005.HK,2019-09-04,09:47:15.453,56.6,400,X,0,09:47:15.000,2019-09-04,HKG
827,0005.HK,2019-09-04,09:47:17.784,56.0,1,D,0,09:47:17.000,2019-09-04,HKG
828,0005.HK,2019-09-04,09:47:27.314,56.6,6000,,0,09:47:27.000,2019-09-04,HKG
829,0005.HK,2019-09-04,09:47:27.314,56.6,800,,0,09:47:27.000,2019-09-04,HKG
830,0005.HK,2019-09-04,09:47:27.314,56.6,1600,,0,09:47:27.000,2019-09-04,HKG
831,0005.HK,2019-09-04,09:47:27.314,56.6,800,,0,09:47:27.000,2019-09-04,HKG
832,0005.HK,2019-09-04,09:47:27.314,56.6,800,,0,09:47:27.000,2019-09-04,HKG
833,0005.HK,2019-09-04,09:47:27.602,56.6,2000,X,0,09:47:27.000,2019-09-04,HKG
834,0005.HK,2019-09-04,09:47:28.269,56.65,400,,0,09:47:28.000,2019-09-04,HKG
835,0005.HK,2019-09-04,09:47:35.473,56.6,2800,X,0,09:47:35.000,2019-09-04,HKG
836,0005.HK,2019-09-04,09:47:39.775,56.65,400,,0,09:47:39.000,2019-09-04,HKG
837,0005.HK,2019-09-04,09:47:51.619,56.6,800,,0,09:47:51.000,2019-09-04,HKG
838,0005.HK,2019-09-04,09:47:51.620,56.6,400,,0,09:47:51.000,2019-09-04,HKG
839,0005.HK,2019-09-04,09:47:51.620,56.6,2000,,0,09:47:51.000,2019-09-04,HKG
840,0005.HK,2019-09-04,09:47:51.620,56.6,400,,0,09:47:51.000,2019-09-04,HKG
841,0005.HK,2019-09-04,09:47:52.202,56.65,400,,0,09:47:52.000,2019-09-04,HKG
842,0005.HK,2019-09-04,09:47:52.519,56.6,1600,X,0,09:47:52.000,2019-09-04,HKG
843,0005.HK,2019-09-04,09:47:52.549,56.6,400,X,0,09:47:52.000,2019-09-04,HKG
844,0005.HK,2019-09-04,09:47:53.149,56.6,1600,,0,09:47:53.000,2019-09-04,HKG
845,0005.HK,2019-09-04,09:47:53.149,56.6,400,,0,09:47:53.000,2019-09-04,HKG
846,0005.HK,2019-09-04,09:47:57.619,56.65,400,,0,09:47:57.000,2019-09-04,HKG
847,0005.HK,2019-09-04,09:47:57.619,56.65,400,,0,09:47:57.000,2019-09-04,HKG
848,0005.HK,2019-09-04,09:47:57.619,56.65,1200,,0,09:47:57.000,2019-09-04,HKG
849,0005.HK,2019-09-04,09:47:57.831,56.6,800,,0,09:47:57.000,2019-09-04,HKG
850,0005.HK,2019-09-04,09:48:00.576,56.6,2400,X,0,09:48:00.000,2019-09-04,HKG
851,0005.HK,2019-09-04,09:48:01.477,56.65,400,,0,09:48:01.000,2019-09-04,HKG
852,0005.HK,2019-09-04,09:48:04.824,56.65,400,,0,09:48:04.000,2019-09-04,HKG
853,0005.HK,2019-09-04,09:48:04.824,56.65,400,,0,09:48:04.000,2019-09-04,HKG
854,0005.HK,2019-09-04,09:48:05.310,56.65,400,,0,09:48:05.000,2019-09-04,HKG
855,0005.HK,2019-09-04,09:48:06.896,56.65,2000,,0,09:48:06.000,2019-09-04,HKG
856,0005.HK,2019-09-04,09:48:07.447,56.6,2400,X,0,09:48:07.000,2019-09-04,HKG
857,0005.HK,2019-09-04,09:48:09.240,56.6,400,,0,09:48:09.000,2019-09-04,HKG
858,0005.HK,2019-09-04,09:48:15.479,56.6,1600,X,0,09:48:15.000,2019-09-04,HKG
859,0005.HK,2019-09-04,09:48:15.500,56.6,400,X,0,09:48:15.000,2019-09-04,HKG
860,0005.HK,2019-09-04,09:48:19.838,56.6,400,,0,09:48:19.000,2019-09-04,HKG
861,0005.HK,2019-09-04,09:48:19.838,56.6,1600,,0,09:48:19.000,2019-09-04,HKG
862,0005.HK,2019-09-04,09:48:21.665,56.6,2000,X,0,09:48:21.000,2019-09-04,HKG
863,0005.HK,2019-09-04,09:48:21.665,56.6,800,X,0,09:48:21.000,2019-09-04,HKG
864,0005.HK,2019-09-04,09:48:23.580,56.6,400,,0,09:48:23.000,2019-09-04,HKG
865,0005.HK,2019-09-04,09:48:23.580,56.6,800,,0,09:48:23.000,2019-09-04,HKG
866,0005.HK,2019-09-04,09:48:23.645,56.6,400,X,0,09:48:23.000,2019-09-04,HKG
867,0005.HK,2019-09-04,09:48:23.683,56.6,1200,X,0,09:48:23.000,2019-09-04,HKG
868,0005.HK,2019-09-04,09:48:30.700,56.6,400,,0,09:48:30.000,2019-09-04,HKG
869,0005.HK,2019-09-04,09:48:31.456,56.6,3600,,0,09:48:31.000,2019-09-04,HKG
870,0005.HK,2019-09-04,09:48:31.456,56.6,2000,,0,09:48:31.000,2019-09-04,HKG
871,0005.HK,2019-09-04,09:48:35.752,56.6,400,,0,09:48:35.000,2019-09-04,HKG
872,0005.HK,2019-09-04,09:48:35.752,56.6,2000,,0,09:48:35.000,2019-09-04,HKG
873,0005.HK,2019-09-04,09:48:35.752,56.6,1600,,0,09:48:35.000,2019-09-04,HKG
874,0005.HK,2019-09-04,09:48:35.752,56.6,4000,,0,09:48:35.000,2019-09-04,HKG
875,0005.HK,2019-09-04,09:48:39.665,56.6,2000,X,0,09:48:39.000,2019-09-04,HKG
876,0005.HK,2019-09-04,09:48:41.705,56.6,800,X,0,09:48:41.000,2019-09-04,HKG
877,0005.HK,2019-09-04,09:48:41.718,56.6,1200,X,0,09:48:41.000,2019-09-04,HKG
878,0005.HK,2019-09-04,09:48:42.270,56.6,4400,,0,09:48:42.000,2019-09-04,HKG
879,0005.HK,2019-09-04,09:48:42.270,56.6,4400,,0,09:48:42.000,2019-09-04,HKG
880,0005.HK,2019-09-04,09:48:45.602,56.65,400,,0,09:48:45.000,2019-09-04,HKG
881,0005.HK,2019-09-04,09:48:47.237,56.65,1600,,0,09:48:47.000,2019-09-04,HKG
882,0005.HK,2019-09-04,09:48:47.238,56.65,1200,,0,09:48:47.000,2019-09-04,HKG
883,0005.HK,2019-09-04,09:48:47.238,56.65,4400,,0,09:48:47.000,2019-09-04,HKG
884,0005.HK,2019-09-04,09:48:47.239,56.65,3600,,0,09:48:47.000,2019-09-04,HKG
885,0005.HK,2019-09-04,09:48:47.239,56.65,800,,0,09:48:47.000,2019-09-04,HKG
886,0005.HK,2019-09-04,09:48:47.239,56.65,800,,0,09:48:47.000,2019-09-04,HKG
887,0005.HK,2019-09-04,09:48:47.239,56.65,4000,,0,09:48:47.000,2019-09-04,HKG
888,0005.HK,2019-09-04,09:48:50.485,56.6,2400,,0,09:48:50.000,2019-09-04,HKG
889,0005.HK,2019-09-04,09:48:56.616,56.6,800,,0,09:48:56.000,2019-09-04,HKG
890,0005.HK,2019-09-04,09:48:58.509,56.65,400,,0,09:48:58.000,2019-09-04,HKG
891,0005.HK,2019-09-04,09:48:58.509,56.65,800,,0,09:48:58.000,2019-09-04,HKG
892,0005.HK,2019-09-04,09:48:59.576,56.6,1200,X,0,09:48:59.000,2019-09-04,HKG
893,0005.HK,2019-09-04,09:49:02.477,56.65,800,,0,09:49:02.000,2019-09-04,HKG
894,0005.HK,2019-09-04,09:49:02.478,56.65,2000,,0,09:49:02.000,2019-09-04,HKG
895,0005.HK,2019-09-04,09:49:02.478,56.65,400,,0,09:49:02.000,2019-09-04,HKG
896,0005.HK,2019-09-04,09:49:02.478,56.65,400,,0,09:49:02.000,2019-09-04,HKG
897,0005.HK,2019-09-04,09:49:02.478,56.65,800,,0,09:49:02.000,2019-09-04,HKG
898,0005.HK,2019-09-04,09:49:02.478,56.65,2000,,0,09:49:02.000,2019-09-04,HKG
899,0005.HK,2019-09-04,09:49:02.478,56.65,12000,,0,09:49:02.000,2019-09-04,HKG
900,0005.HK,2019-09-04,09:49:03.489,56.65,400,,0,09:49:03.000,2019-09-04,HKG
901,0005.HK,2019-09-04,09:49:06.645,56.6,800,X,0,09:49:06.000,2019-09-04,HKG
902,0005.HK,2019-09-04,09:49:06.645,56.6,1200,X,0,09:49:06.000,2019-09-04,HKG
903,0005.HK,2019-09-04,09:49:06.724,56.6,2400,,0,09:49:06.000,2019-09-04,HKG
904,0005.HK,2019-09-04,09:49:06.756,56.6,400,X,0,09:49:06.000,2019-09-04,HKG
905,0005.HK,2019-09-04,09:49:07.904,56.65,800,,0,09:49:07.000,2019-09-04,HKG
906,0005.HK,2019-09-04,09:49:12.309,56.6,4000,,0,09:49:12.000,2019-09-04,HKG
907,0005.HK,2019-09-04,09:49:12.309,56.6,5600,,0,09:49:12.000,2019-09-04,HKG
908,0005.HK,2019-09-04,09:49:12.906,56.65,1200,,0,09:49:12.000,2019-09-04,HKG
909,0005.HK,2019-09-04,09:49:13.538,56.6,2000,,0,09:49:13.000,2019-09-04,HKG
910,0005.HK,2019-09-04,09:49:16.180,56.65,1600,,0,09:49:16.000,2019-09-04,HKG
911,0005.HK,2019-09-04,09:49:17.907,56.65,400,,0,09:49:17.000,2019-09-04,HKG
912,0005.HK,2019-09-04,09:49:20.404,56.65,400,,0,09:49:20.000,2019-09-04,HKG
913,0005.HK,2019-09-04,09:49:21.745,56.6,2000,,0,09:49:21.000,2019-09-04,HKG
914,0005.HK,2019-09-04,09:49:22.908,56.65,800,,0,09:49:22.000,2019-09-04,HKG
915,0005.HK,2019-09-04,09:49:25.941,56.6,800,,0,09:49:25.000,2019-09-04,HKG
916,0005.HK,2019-09-04,09:49:26.967,56.6,10000,,0,09:49:26.000,2019-09-04,HKG
917,0005.HK,2019-09-04,09:49:27.908,56.65,1200,,0,09:49:27.000,2019-09-04,HKG
918,0005.HK,2019-09-04,09:49:30.233,56.65,400,,0,09:49:30.000,2019-09-04,HKG
919,0005.HK,2019-09-04,09:49:31.027,56.6,1600,,0,09:49:31.000,2019-09-04,HKG
920,0005.HK,2019-09-04,09:49:31.032,56.65,800,,0,09:49:31.000,2019-09-04,HKG
921,0005.HK,2019-09-04,09:49:31.032,56.65,1200,,0,09:49:31.000,2019-09-04,HKG
922,0005.HK,2019-09-04,09:49:31.032,56.65,400,,0,09:49:31.000,2019-09-04,HKG
923,0005.HK,2019-09-04,09:49:31.237,56.65,400,,0,09:49:31.000,2019-09-04,HKG
924,0005.HK,2019-09-04,09:49:32.907,56.65,800,,0,09:49:32.000,2019-09-04,HKG
925,0005.HK,2019-09-04,09:49:38.640,56.6,2000,X,0,09:49:38.000,2019-09-04,HKG
926,0005.HK,2019-09-04,09:49:39.793,56.6,400,,0,09:49:39.000,2019-09-04,HKG
927,0005.HK,2019-09-04,09:49:39.817,56.6,400,,0,09:49:39.000,2019-09-04,HKG
928,0005.HK,2019-09-04,09:49:39.876,56.6,800,X,0,09:49:39.000,2019-09-04,HKG
929,0005.HK,2019-09-04,09:49:39.888,56.6,800,X,0,09:49:39.000,2019-09-04,HKG
930,0005.HK,2019-09-04,09:49:40.844,56.65,1600,,0,09:49:40.000,2019-09-04,HKG
931,0005.HK,2019-09-04,09:49:42.908,56.65,800,,0,09:49:42.000,2019-09-04,HKG
932,0005.HK,2019-09-04,09:49:45.797,56.6,800,,0,09:49:45.000,2019-09-04,HKG
933,0005.HK,2019-09-04,09:49:49.023,56.6,4000,,0,09:49:49.000,2019-09-04,HKG
934,0005.HK,2019-09-04,09:49:49.023,56.6,400,,0,09:49:49.000,2019-09-04,HKG
935,0005.HK,2019-09-04,09:49:49.023,56.6,400,,0,09:49:49.000,2019-09-04,HKG
936,0005.HK,2019-09-04,09:49:51.749,56.65,400,,0,09:49:51.000,2019-09-04,HKG
937,0005.HK,2019-09-04,09:49:52.908,56.65,800,,0,09:49:52.000,2019-09-04,HKG
938,0005.HK,2019-09-04,09:49:54.844,56.6,2400,,0,09:49:54.000,2019-09-04,HKG
939,0005.HK,2019-09-04,09:49:55.849,56.6,2400,,0,09:49:55.000,2019-09-04,HKG
940,0005.HK,2019-09-04,09:49:55.849,56.6,400,Y,0,09:49:55.000,2019-09-04,HKG
941,0005.HK,2019-09-04,09:49:55.849,56.6,400,,0,09:49:55.000,2019-09-04,HKG
942,0005.HK,2019-09-04,09:49:57.909,56.65,800,,0,09:49:57.000,2019-09-04,HKG
943,0005.HK,2019-09-04,09:49:58.042,56.0,100,D,0,09:49:58.000,2019-09-04,HKG
944,0005.HK,2019-09-04,09:50:02.242,56.65,8000,,0,09:50:02.000,2019-09-04,HKG
945,0005.HK,2019-09-04,09:50:02.245,56.65,7600,,0,09:50:02.000,2019-09-04,HKG
946,0005.HK,2019-09-04,09:50:02.909,56.65,1200,,0,09:50:02.000,2019-09-04,HKG
947,0005.HK,2019-09-04,09:50:02.910,56.65,2000,,0,09:50:02.000,2019-09-04,HKG
948,0005.HK,2019-09-04,09:50:02.910,56.65,3600,,0,09:50:02.000,2019-09-04,HKG
949,0005.HK,2019-09-04,09:50:07.909,56.65,400,,0,09:50:07.000,2019-09-04,HKG
950,0005.HK,2019-09-04,09:50:10.488,56.65,400,,0,09:50:10.000,2019-09-04,HKG
951,0005.HK,2019-09-04,09:50:10.488,56.65,1600,,0,09:50:10.000,2019-09-04,HKG
952,0005.HK,2019-09-04,09:50:11.483,56.6,800,,0,09:50:11.000,2019-09-04,HKG
953,0005.HK,2019-09-04,09:50:11.483,56.6,2400,,0,09:50:11.000,2019-09-04,HKG
954,0005.HK,2019-09-04,09:50:11.489,56.6,4000,,0,09:50:11.000,2019-09-04,HKG
955,0005.HK,2019-09-04,09:50:17.243,56.65,1200,,0,09:50:17.000,2019-09-04,HKG
956,0005.HK,2019-09-04,09:50:17.243,56.65,3600,Y,0,09:50:17.000,2019-09-04,HKG
957,0005.HK,2019-09-04,09:50:17.243,56.65,800,,0,09:50:17.000,2019-09-04,HKG
958,0005.HK,2019-09-04,09:50:17.243,56.65,800,,0,09:50:17.000,2019-09-04,HKG
959,0005.HK,2019-09-04,09:50:17.243,56.65,400,,0,09:50:17.000,2019-09-04,HKG
960,0005.HK,2019-09-04,09:50:17.243,56.65,800,Y,0,09:50:17.000,2019-09-04,HKG
961,0005.HK,2019-09-04,09:50:17.245,56.65,7600,Y,0,09:50:17.000,2019-09-04,HKG
962,0005.HK,2019-09-04,09:50:17.246,56.65,8000,Y,0,09:50:17.000,2019-09-04,HKG
963,0005.HK,2019-09-04,09:50:18.272,56.65,4000,Y,0,09:50:18.000,2019-09-04,HKG
964,0005.HK,2019-09-04,09:50:18.272,56.65,1600,,0,09:50:18.000,2019-09-04,HKG
965,0005.HK,2019-09-04,09:50:18.272,56.65,800,,0,09:50:18.000,2019-09-04,HKG
966,0005.HK,2019-09-04,09:50:18.272,56.65,1200,,0,09:50:18.000,2019-09-04,HKG
967,0005.HK,2019-09-04,09:50:18.272,56.65,400,,0,09:50:18.000,2019-09-04,HKG
968,0005.HK,2019-09-04,09:50:18.272,56.65,400,Y,0,09:50:18.000,2019-09-04,HKG
969,0005.HK,2019-09-04,09:50:18.272,56.65,400,,0,09:50:18.000,2019-09-04,HKG
970,0005.HK,2019-09-04,09:50:19.562,56.65,800,,0,09:50:19.000,2019-09-04,HKG
971,0005.HK,2019-09-04,09:50:19.562,56.65,800,,0,09:50:19.000,2019-09-04,HKG
972,0005.HK,2019-09-04,09:50:20.569,56.65,400,Y,0,09:50:20.000,2019-09-04,HKG
973,0005.HK,2019-09-04,09:50:22.975,56.65,2400,,0,09:50:22.000,2019-09-04,HKG
974,0005.HK,2019-09-04,09:50:22.975,56.65,800,,0,09:50:22.000,2019-09-04,HKG
975,0005.HK,2019-09-04,09:50:22.975,56.65,11200,,0,09:50:22.000,2019-09-04,HKG
976,0005.HK,2019-09-04,09:50:22.975,56.65,4400,,0,09:50:22.000,2019-09-04,HKG
977,0005.HK,2019-09-04,09:50:22.975,56.65,1200,,0,09:50:22.000,2019-09-04,HKG
978,0005.HK,2019-09-04,09:50:22.976,56.65,800,,0,09:50:22.000,2019-09-04,HKG
979,0005.HK,2019-09-04,09:50:22.976,56.65,400,,0,09:50:22.000,2019-09-04,HKG
980,0005.HK,2019-09-04,09:50:22.976,56.65,2000,,0,09:50:22.000,2019-09-04,HKG
981,0005.HK,2019-09-04,09:50:22.981,56.65,4000,,0,09:50:22.000,2019-09-04,HKG
982,0005.HK,2019-09-04,09:50:23.784,56.7,1200,,0,09:50:23.000,2019-09-04,HKG
983,0005.HK,2019-09-04,09:50:46.203,56.7,400,,0,09:50:46.000,2019-09-04,HKG
984,0005.HK,2019-09-04,09:50:47.411,56.65,400,,0,09:50:47.000,2019-09-04,HKG
985,0005.HK,2019-09-04,09:50:47.411,56.65,800,,0,09:50:47.000,2019-09-04,HKG
986,0005.HK,2019-09-04,09:50:59.417,56.7,4000,,0,09:50:59.000,2019-09-04,HKG
987,0005.HK,2019-09-04,09:51:03.740,56.65,400,,0,09:51:03.000,2019-09-04,HKG
988,0005.HK,2019-09-04,09:51:03.740,56.65,1600,,0,09:51:03.000,2019-09-04,HKG
989,0005.HK,2019-09-04,09:51:06.276,56.7,400,,0,09:51:06.000,2019-09-04,HKG
990,0005.HK,2019-09-04,09:51:06.276,56.7,800,,0,09:51:06.000,2019-09-04,HKG
991,0005.HK,2019-09-04,09:51:06.276,56.7,400,,0,09:51:06.000,2019-09-04,HKG
992,0005.HK,2019-09-04,09:51:06.276,56.7,400,,0,09:51:06.000,2019-09-04,HKG
993,0005.HK,2019-09-04,09:51:08.504,56.65,800,,0,09:51:08.000,2019-09-04,HKG
994,0005.HK,2019-09-04,09:51:08.504,56.65,1200,,0,09:51:08.000,2019-09-04,HKG
995,0005.HK,2019-09-04,09:51:11.582,56.7,5600,,0,09:51:11.000,2019-09-04,HKG
996,0005.HK,2019-09-04,09:51:11.582,56.7,4000,,0,09:51:11.000,2019-09-04,HKG
997,0005.HK,2019-09-04,09:51:11.582,56.7,800,,0,09:51:11.000,2019-09-04,HKG
998,0005.HK,2019-09-04,09:51:11.582,56.7,4800,,0,09:51:11.000,2019-09-04,HKG
999,0005.HK,2019-09-04,09:51:11.582,56.7,800,,0,09:51:11.000,2019-09-04,HKG
1000,0005.HK,2019-09-04,09:51:11.582,56.7,1200,,0,09:51:11.000,2019-09-04,HKG
1001,0005.HK,2019-09-04,09:51:11.582,56.7,4000,,0,09:51:11.000,2019-09-04,HKG
1002,0005.HK,2019-09-04,09:51:11.582,56.7,6000,,0,09:51:11.000,2019-09-04,HKG
1003,0005.HK,2019-09-04,09:51:11.582,56.7,5200,,0,09:51:11.000,2019-09-04,HKG
1004,0005.HK,2019-09-04,09:51:11.582,56.7,800,,0,09:51:11.000,2019-09-04,HKG
1005,0005.HK,2019-09-04,09:51:11.582,56.7,800,,0,09:51:11.000,2019-09-04,HKG
1006,0005.HK,2019-09-04,09:51:11.582,56.7,1200,,0,09:51:11.000,2019-09-04,HKG
1007,0005.HK,2019-09-04,09:51:11.582,56.7,2000,,0,09:51:11.000,2019-09-04,HKG
1008,0005.HK,2019-09-04,09:51:11.582,56.7,400,,0,09:51:11.000,2019-09-04,HKG
1009,0005.HK,2019-09-04,09:51:11.582,56.7,2400,,0,09:51:11.000,2019-09-04,HKG
1010,0005.HK,2019-09-04,09:51:12.457,56.7,1200,,0,09:51:12.000,2019-09-04,HKG
1011,0005.HK,2019-09-04,09:51:12.457,56.7,400,,0,09:51:12.000,2019-09-04,HKG
1012,0005.HK,2019-09-04,09:51:12.595,56.7,400,,0,09:51:12.000,2019-09-04,HKG
1013,0005.HK,2019-09-04,09:51:12.595,56.7,400,,0,09:51:12.000,2019-09-04,HKG
1014,0005.HK,2019-09-04,09:51:12.914,56.7,400,,0,09:51:12.000,2019-09-04,HKG
1015,0005.HK,2019-09-04,09:51:12.914,56.7,800,,0,09:51:12.000,2019-09-04,HKG
1016,0005.HK,2019-09-04,09:51:14.333,56.7,400,,0,09:51:14.000,2019-09-04,HKG
1017,0005.HK,2019-09-04,09:51:17.244,56.7,6800,,0,09:51:17.000,2019-09-04,HKG
1018,0005.HK,2019-09-04,09:51:17.244,56.7,2000,,0,09:51:17.000,2019-09-04,HKG
1019,0005.HK,2019-09-04,09:51:17.916,56.7,1200,,0,09:51:17.000,2019-09-04,HKG
1020,0005.HK,2019-09-04,09:51:22.915,56.7,800,,0,09:51:22.000,2019-09-04,HKG
1021,0005.HK,2019-09-04,09:51:25.417,56.65,116,D,0,09:51:25.000,2019-09-04,HKG
1022,0005.HK,2019-09-04,09:51:32.914,56.7,400,,0,09:51:32.000,2019-09-04,HKG
1023,0005.HK,2019-09-04,09:51:37.768,56.7,2000,,0,09:51:37.000,2019-09-04,HKG
1024,0005.HK,2019-09-04,09:51:38.118,56.7,4000,,0,09:51:38.000,2019-09-04,HKG
1025,0005.HK,2019-09-04,09:51:38.118,56.7,4000,,0,09:51:38.000,2019-09-04,HKG
1026,0005.HK,2019-09-04,09:51:42.287,56.65,3600,,0,09:51:42.000,2019-09-04,HKG
1027,0005.HK,2019-09-04,09:51:42.287,56.65,2000,,0,09:51:42.000,2019-09-04,HKG
1028,0005.HK,2019-09-04,09:51:42.287,56.65,800,,0,09:51:42.000,2019-09-04,HKG
1029,0005.HK,2019-09-04,09:51:42.287,56.65,400,,0,09:51:42.000,2019-09-04,HKG
1030,0005.HK,2019-09-04,09:51:42.700,56.7,1200,,0,09:51:42.000,2019-09-04,HKG
1031,0005.HK,2019-09-04,09:51:51.454,56.7,400,,0,09:51:51.000,2019-09-04,HKG
1032,0005.HK,2019-09-04,09:51:56.453,56.65,400,,0,09:51:56.000,2019-09-04,HKG
1033,0005.HK,2019-09-04,09:52:02.306,56.7,2800,,0,09:52:02.000,2019-09-04,HKG
1034,0005.HK,2019-09-04,09:52:03.805,56.7,400,,0,09:52:03.000,2019-09-04,HKG
1035,0005.HK,2019-09-04,09:52:09.665,56.65,400,,0,09:52:09.000,2019-09-04,HKG
1036,0005.HK,2019-09-04,09:52:09.665,56.65,400,,0,09:52:09.000,2019-09-04,HKG
1037,0005.HK,2019-09-04,09:52:12.319,56.65,3200,,0,09:52:12.000,2019-09-04,HKG
1038,0005.HK,2019-09-04,09:52:12.319,56.65,3600,,0,09:52:12.000,2019-09-04,HKG
1039,0005.HK,2019-09-04,09:52:13.291,56.7,400,,0,09:52:13.000,2019-09-04,HKG
1040,0005.HK,2019-09-04,09:52:14.221,56.7,800,,0,09:52:14.000,2019-09-04,HKG
1041,0005.HK,2019-09-04,09:52:20.498,56.7,1200,,0,09:52:20.000,2019-09-04,HKG
1042,0005.HK,2019-09-04,09:52:37.360,56.7,400,,0,09:52:37.000,2019-09-04,HKG
1043,0005.HK,2019-09-04,09:52:37.360,56.7,800,,0,09:52:37.000,2019-09-04,HKG
1044,0005.HK,2019-09-04,09:52:45.010,56.7,400,,0,09:52:45.000,2019-09-04,HKG
1045,0005.HK,2019-09-04,09:52:45.446,56.7,800,,0,09:52:45.000,2019-09-04,HKG
1046,0005.HK,2019-09-04,09:52:45.446,56.7,4400,,0,09:52:45.000,2019-09-04,HKG
1047,0005.HK,2019-09-04,09:52:45.584,56.65,400,,0,09:52:45.000,2019-09-04,HKG
1048,0005.HK,2019-09-04,09:52:46.315,56.7,400,,0,09:52:46.000,2019-09-04,HKG
1049,0005.HK,2019-09-04,09:52:46.773,56.7,400,,0,09:52:46.000,2019-09-04,HKG
1050,0005.HK,2019-09-04,09:52:46.774,56.7,400,,0,09:52:46.000,2019-09-04,HKG
1051,0005.HK,2019-09-04,09:52:46.774,56.7,1200,,0,09:52:46.000,2019-09-04,HKG
1052,0005.HK,2019-09-04,09:52:47.247,56.7,800,,0,09:52:47.000,2019-09-04,HKG
1053,0005.HK,2019-09-04,09:52:47.247,56.7,6800,,0,09:52:47.000,2019-09-04,HKG
1054,0005.HK,2019-09-04,09:52:47.673,56.7,4400,,0,09:52:47.000,2019-09-04,HKG
1055,0005.HK,2019-09-04,09:52:47.673,56.7,400,,0,09:52:47.000,2019-09-04,HKG
1056,0005.HK,2019-09-04,09:52:47.674,56.7,400,,0,09:52:47.000,2019-09-04,HKG
1057,0005.HK,2019-09-04,09:52:47.674,56.7,400,,0,09:52:47.000,2019-09-04,HKG
1058,0005.HK,2019-09-04,09:52:47.674,56.7,2000,,0,09:52:47.000,2019-09-04,HKG
1059,0005.HK,2019-09-04,09:52:47.674,56.7,800,,0,09:52:47.000,2019-09-04,HKG
1060,0005.HK,2019-09-04,09:52:47.674,56.7,3600,,0,09:52:47.000,2019-09-04,HKG
1061,0005.HK,2019-09-04,09:52:47.674,56.7,2800,,0,09:52:47.000,2019-09-04,HKG
1062,0005.HK,2019-09-04,09:52:47.674,56.7,800,,0,09:52:47.000,2019-09-04,HKG
1063,0005.HK,2019-09-04,09:52:47.674,56.7,400,,0,09:52:47.000,2019-09-04,HKG
1064,0005.HK,2019-09-04,09:52:47.674,56.7,1200,,0,09:52:47.000,2019-09-04,HKG
1065,0005.HK,2019-09-04,09:52:47.674,56.7,1200,,0,09:52:47.000,2019-09-04,HKG
1066,0005.HK,2019-09-04,09:52:47.674,56.7,10000,,0,09:52:47.000,2019-09-04,HKG
1067,0005.HK,2019-09-04,09:52:47.674,56.7,20000,,0,09:52:47.000,2019-09-04,HKG
1068,0005.HK,2019-09-04,09:52:47.674,56.7,400,,0,09:52:47.000,2019-09-04,HKG
1069,0005.HK,2019-09-04,09:52:47.674,56.7,1200,,0,09:52:47.000,2019-09-04,HKG
1070,0005.HK,2019-09-04,09:52:47.674,56.7,2000,,0,09:52:47.000,2019-09-04,HKG
1071,0005.HK,2019-09-04,09:52:47.674,56.7,5600,,0,09:52:47.000,2019-09-04,HKG
1072,0005.HK,2019-09-04,09:52:47.674,56.7,400,,0,09:52:47.000,2019-09-04,HKG
1073,0005.HK,2019-09-04,09:52:47.717,56.7,1600,,0,09:52:47.000,2019-09-04,HKG
1074,0005.HK,2019-09-04,09:52:48.681,56.7,400,Y,0,09:52:48.000,2019-09-04,HKG
1075,0005.HK,2019-09-04,09:52:51.466,56.7,400,,0,09:52:51.000,2019-09-04,HKG
1076,0005.HK,2019-09-04,09:52:52.476,56.7,2400,Y,0,09:52:52.000,2019-09-04,HKG
1077,0005.HK,2019-09-04,09:52:52.476,56.7,2000,Y,0,09:52:52.000,2019-09-04,HKG
1078,0005.HK,2019-09-04,09:52:52.476,56.7,3200,,0,09:52:52.000,2019-09-04,HKG
1079,0005.HK,2019-09-04,09:52:52.923,56.75,6400,,0,09:52:52.000,2019-09-04,HKG
1080,0005.HK,2019-09-04,09:52:53.484,56.75,400,,0,09:52:53.000,2019-09-04,HKG
1081,0005.HK,2019-09-04,09:52:57.924,56.75,800,,0,09:52:57.000,2019-09-04,HKG
1082,0005.HK,2019-09-04,09:53:00.513,56.75,400,,0,09:53:00.000,2019-09-04,HKG
1083,0005.HK,2019-09-04,09:53:14.466,56.75,400,,0,09:53:14.000,2019-09-04,HKG
1084,0005.HK,2019-09-04,09:53:14.466,56.75,400,,0,09:53:14.000,2019-09-04,HKG
1085,0005.HK,2019-09-04,09:53:14.466,56.75,800,,0,09:53:14.000,2019-09-04,HKG
1086,0005.HK,2019-09-04,09:53:18.181,56.75,1200,,0,09:53:18.000,2019-09-04,HKG
1087,0005.HK,2019-09-04,09:53:27.023,56.7,800,,0,09:53:27.000,2019-09-04,HKG
1088,0005.HK,2019-09-04,09:53:43.028,56.7,400,,0,09:53:43.000,2019-09-04,HKG
1089,0005.HK,2019-09-04,09:53:43.028,56.7,800,,0,09:53:43.000,2019-09-04,HKG
1090,0005.HK,2019-09-04,09:53:47.342,56.75,400,,0,09:53:47.000,2019-09-04,HKG
1091,0005.HK,2019-09-04,09:54:00.555,56.7,2000,,0,09:54:00.000,2019-09-04,HKG
1092,0005.HK,2019-09-04,09:54:00.703,56.7,2000,,0,09:54:00.000,2019-09-04,HKG
1093,0005.HK,2019-09-04,09:54:06.261,56.25,2,D,0,09:54:06.000,2019-09-04,HKG
1094,0005.HK,2019-09-04,09:54:12.290,56.7,3600,,0,09:54:12.000,2019-09-04,HKG
1095,0005.HK,2019-09-04,09:54:12.294,56.7,400,,0,09:54:12.000,2019-09-04,HKG
1096,0005.HK,2019-09-04,09:54:12.294,56.7,5200,,0,09:54:12.000,2019-09-04,HKG
1097,0005.HK,2019-09-04,09:54:16.703,56.75,400,,0,09:54:16.000,2019-09-04,HKG
1098,0005.HK,2019-09-04,09:54:16.963,56.7,1200,,0,09:54:16.000,2019-09-04,HKG
1099,0005.HK,2019-09-04,09:54:26.112,56.7,1200,,0,09:54:26.000,2019-09-04,HKG
1100,0005.HK,2019-09-04,09:54:28.937,56.75,1200,,0,09:54:28.000,2019-09-04,HKG
1101,0005.HK,2019-09-04,09:54:29.363,56.7,10000,,0,09:54:29.000,2019-09-04,HKG
1102,0005.HK,2019-09-04,09:54:29.946,56.75,400,,0,09:54:29.000,2019-09-04,HKG
1103,0005.HK,2019-09-04,09:54:31.817,56.7,1200,,0,09:54:31.000,2019-09-04,HKG
1104,0005.HK,2019-09-04,09:54:33.167,56.7,3200,,0,09:54:33.000,2019-09-04,HKG
1105,0005.HK,2019-09-04,09:54:47.245,56.75,400,,0,09:54:47.000,2019-09-04,HKG
1106,0005.HK,2019-09-04,09:54:50.851,56.7,1200,,0,09:54:50.000,2019-09-04,HKG
1107,0005.HK,2019-09-04,09:54:57.319,56.7,2800,,0,09:54:57.000,2019-09-04,HKG
1108,0005.HK,2019-09-04,09:54:57.319,56.7,2400,,0,09:54:57.000,2019-09-04,HKG
1109,0005.HK,2019-09-04,09:54:57.319,56.7,2000,,0,09:54:57.000,2019-09-04,HKG
1110,0005.HK,2019-09-04,09:54:57.319,56.7,800,,0,09:54:57.000,2019-09-04,HKG
1111,0005.HK,2019-09-04,09:54:58.715,56.7,800,,0,09:54:58.000,2019-09-04,HKG
1112,0005.HK,2019-09-04,09:54:59.189,56.7,400,,0,09:54:59.000,2019-09-04,HKG
1113,0005.HK,2019-09-04,09:55:01.208,56.75,1200,,0,09:55:01.000,2019-09-04,HKG
1114,0005.HK,2019-09-04,09:55:09.944,56.7,400,,0,09:55:09.000,2019-09-04,HKG
1115,0005.HK,2019-09-04,09:55:17.241,56.75,400,,0,09:55:17.000,2019-09-04,HKG
1116,0005.HK,2019-09-04,09:55:18.481,56.75,2800,,0,09:55:18.000,2019-09-04,HKG
1117,0005.HK,2019-09-04,09:55:21.697,56.75,400,,0,09:55:21.000,2019-09-04,HKG
1118,0005.HK,2019-09-04,09:55:31.102,56.75,800,,0,09:55:31.000,2019-09-04,HKG
1119,0005.HK,2019-09-04,09:55:31.102,56.75,400,,0,09:55:31.000,2019-09-04,HKG
1120,0005.HK,2019-09-04,09:55:42.345,56.7,400,,0,09:55:42.000,2019-09-04,HKG
1121,0005.HK,2019-09-04,09:55:42.345,56.7,400,,0,09:55:42.000,2019-09-04,HKG
1122,0005.HK,2019-09-04,09:55:57.287,56.7,800,,0,09:55:57.000,2019-09-04,HKG
1123,0005.HK,2019-09-04,09:55:57.287,56.7,2000,,0,09:55:57.000,2019-09-04,HKG
1124,0005.HK,2019-09-04,09:55:57.287,56.7,2000,,0,09:55:57.000,2019-09-04,HKG
1125,0005.HK,2019-09-04,09:55:57.287,56.7,2400,,0,09:55:57.000,2019-09-04,HKG
1126,0005.HK,2019-09-04,09:56:02.256,56.75,400,,0,09:56:02.000,2019-09-04,HKG
1127,0005.HK,2019-09-04,09:56:02.256,56.75,800,,0,09:56:02.000,2019-09-04,HKG
1128,0005.HK,2019-09-04,09:56:02.256,56.75,4000,,0,09:56:02.000,2019-09-04,HKG
1129,0005.HK,2019-09-04,09:56:02.256,56.75,2400,,0,09:56:02.000,2019-09-04,HKG
1130,0005.HK,2019-09-04,09:56:03.275,56.75,400,,0,09:56:03.000,2019-09-04,HKG
1131,0005.HK,2019-09-04,09:56:04.267,56.7,400,,0,09:56:04.000,2019-09-04,HKG
1132,0005.HK,2019-09-04,09:56:04.274,56.7,400,,0,09:56:04.000,2019-09-04,HKG
1133,0005.HK,2019-09-04,09:56:04.277,56.7,2000,,0,09:56:04.000,2019-09-04,HKG
1134,0005.HK,2019-09-04,09:56:04.277,56.7,400,,0,09:56:04.000,2019-09-04,HKG
1135,0005.HK,2019-09-04,09:56:04.277,56.7,400,,0,09:56:04.000,2019-09-04,HKG
1136,0005.HK,2019-09-04,09:56:05.028,56.75,1200,,0,09:56:05.000,2019-09-04,HKG
1137,0005.HK,2019-09-04,09:56:08.459,56.75,800,,0,09:56:08.000,2019-09-04,HKG
1138,0005.HK,2019-09-04,09:56:11.986,56.7,400,,0,09:56:11.000,2019-09-04,HKG
1139,0005.HK,2019-09-04,09:56:11.986,56.7,400,,0,09:56:11.000,2019-09-04,HKG
1140,0005.HK,2019-09-04,09:56:11.986,56.7,400,,0,09:56:11.000,2019-09-04,HKG
1141,0005.HK,2019-09-04,09:56:12.182,56.75,800,,0,09:56:12.000,2019-09-04,HKG
1142,0005.HK,2019-09-04,09:56:12.992,56.75,400,,0,09:56:12.000,2019-09-04,HKG
1143,0005.HK,2019-09-04,09:56:12.992,56.75,1600,,0,09:56:12.000,2019-09-04,HKG
1144,0005.HK,2019-09-04,09:56:12.992,56.75,400,,0,09:56:12.000,2019-09-04,HKG
1145,0005.HK,2019-09-04,09:56:12.992,56.75,2000,,0,09:56:12.000,2019-09-04,HKG
1146,0005.HK,2019-09-04,09:56:12.992,56.75,3200,,0,09:56:12.000,2019-09-04,HKG
1147,0005.HK,2019-09-04,09:56:12.999,56.75,6800,,0,09:56:12.000,2019-09-04,HKG
1148,0005.HK,2019-09-04,09:56:12.999,56.75,400,,0,09:56:12.000,2019-09-04,HKG
1149,0005.HK,2019-09-04,09:56:12.999,56.75,400,,0,09:56:12.000,2019-09-04,HKG
1150,0005.HK,2019-09-04,09:56:12.999,56.75,800,,0,09:56:12.000,2019-09-04,HKG
1151,0005.HK,2019-09-04,09:56:13.001,56.75,1200,,0,09:56:12.000,2019-09-04,HKG
1152,0005.HK,2019-09-04,09:56:13.001,56.75,800,,0,09:56:12.000,2019-09-04,HKG
1153,0005.HK,2019-09-04,09:56:13.001,56.75,400,,0,09:56:12.000,2019-09-04,HKG
1154,0005.HK,2019-09-04,09:56:13.001,56.75,5600,,0,09:56:12.000,2019-09-04,HKG
1155,0005.HK,2019-09-04,09:56:13.006,56.75,1200,,0,09:56:13.000,2019-09-04,HKG
1156,0005.HK,2019-09-04,09:56:13.006,56.75,800,,0,09:56:13.000,2019-09-04,HKG
1157,0005.HK,2019-09-04,09:56:13.006,56.75,400,,0,09:56:13.000,2019-09-04,HKG
1158,0005.HK,2019-09-04,09:56:13.006,56.75,5600,Y,0,09:56:13.000,2019-09-04,HKG
1159,0005.HK,2019-09-04,09:56:13.999,56.75,400,Y,0,09:56:13.000,2019-09-04,HKG
1160,0005.HK,2019-09-04,09:56:17.941,56.75,2000,,0,09:56:17.000,2019-09-04,HKG
1161,0005.HK,2019-09-04,09:56:21.580,56.75,1200,,0,09:56:21.000,2019-09-04,HKG
1162,0005.HK,2019-09-04,09:56:22.937,56.75,800,,0,09:56:22.000,2019-09-04,HKG
1163,0005.HK,2019-09-04,09:56:27.240,56.75,400,,0,09:56:27.000,2019-09-04,HKG
1164,0005.HK,2019-09-04,09:56:27.935,56.75,800,,0,09:56:27.000,2019-09-04,HKG
1165,0005.HK,2019-09-04,09:56:28.802,56.75,400,,0,09:56:28.000,2019-09-04,HKG
1166,0005.HK,2019-09-04,09:56:32.936,56.75,400,,0,09:56:32.000,2019-09-04,HKG
1167,0005.HK,2019-09-04,09:56:33.680,56.7,800,,0,09:56:33.000,2019-09-04,HKG
1168,0005.HK,2019-09-04,09:56:36.291,56.75,400,,0,09:56:36.000,2019-09-04,HKG
1169,0005.HK,2019-09-04,09:56:37.995,56.75,1200,,0,09:56:37.000,2019-09-04,HKG
1170,0005.HK,2019-09-04,09:56:42.997,56.75,400,,0,09:56:42.000,2019-09-04,HKG
1171,0005.HK,2019-09-04,09:56:47.997,56.75,400,,0,09:56:47.000,2019-09-04,HKG
1172,0005.HK,2019-09-04,09:56:52.938,56.75,800,,0,09:56:52.000,2019-09-04,HKG
1173,0005.HK,2019-09-04,09:56:54.300,56.75,400,,0,09:56:54.000,2019-09-04,HKG
1174,0005.HK,2019-09-04,09:56:54.300,56.75,800,,0,09:56:54.000,2019-09-04,HKG
1175,0005.HK,2019-09-04,09:56:55.031,56.75,400,,0,09:56:55.000,2019-09-04,HKG
1176,0005.HK,2019-09-04,09:56:57.946,56.75,800,,0,09:56:57.000,2019-09-04,HKG
1177,0005.HK,2019-09-04,09:57:02.265,56.75,1600,Y,0,09:57:02.000,2019-09-04,HKG
1178,0005.HK,2019-09-04,09:57:02.265,56.75,800,,0,09:57:02.000,2019-09-04,HKG
1179,0005.HK,2019-09-04,09:57:02.265,56.75,400,,0,09:57:02.000,2019-09-04,HKG
1180,0005.HK,2019-09-04,09:57:02.265,56.75,400,,0,09:57:02.000,2019-09-04,HKG
1181,0005.HK,2019-09-04,09:57:02.265,56.75,2000,,0,09:57:02.000,2019-09-04,HKG
1182,0005.HK,2019-09-04,09:57:02.265,56.75,2400,,0,09:57:02.000,2019-09-04,HKG
1183,0005.HK,2019-09-04,09:57:02.939,56.75,400,,0,09:57:02.000,2019-09-04,HKG
1184,0005.HK,2019-09-04,09:57:02.939,56.75,400,,0,09:57:02.000,2019-09-04,HKG
1185,0005.HK,2019-09-04,09:57:06.442,56.7,400,,0,09:57:06.000,2019-09-04,HKG
1186,0005.HK,2019-09-04,09:57:06.733,56.75,400,,0,09:57:06.000,2019-09-04,HKG
1187,0005.HK,2019-09-04,09:57:12.318,56.75,1200,,0,09:57:12.000,2019-09-04,HKG
1188,0005.HK,2019-09-04,09:57:22.996,56.7,400,,0,09:57:22.000,2019-09-04,HKG
1189,0005.HK,2019-09-04,09:57:22.996,56.7,4000,,0,09:57:22.000,2019-09-04,HKG
1190,0005.HK,2019-09-04,09:57:22.996,56.7,2000,,0,09:57:22.000,2019-09-04,HKG
1191,0005.HK,2019-09-04,09:57:22.996,56.7,9600,,0,09:57:22.000,2019-09-04,HKG
1192,0005.HK,2019-09-04,09:57:23.979,56.75,400,,0,09:57:23.000,2019-09-04,HKG
1193,0005.HK,2019-09-04,09:57:24.790,56.7,2800,Y,0,09:57:24.000,2019-09-04,HKG
1194,0005.HK,2019-09-04,09:57:25.798,56.75,400,,0,09:57:25.000,2019-09-04,HKG
1195,0005.HK,2019-09-04,09:57:27.231,56.7,5600,,0,09:57:27.000,2019-09-04,HKG
1196,0005.HK,2019-09-04,09:57:27.231,56.7,1200,,0,09:57:27.000,2019-09-04,HKG
1197,0005.HK,2019-09-04,09:57:27.231,56.7,400,,0,09:57:27.000,2019-09-04,HKG
1198,0005.HK,2019-09-04,09:57:27.231,56.7,2000,,0,09:57:27.000,2019-09-04,HKG
1199,0005.HK,2019-09-04,09:57:27.231,56.7,4800,,0,09:57:27.000,2019-09-04,HKG
1200,0005.HK,2019-09-04,09:57:27.231,56.7,4000,,0,09:57:27.000,2019-09-04,HKG
1201,0005.HK,2019-09-04,09:57:27.231,56.7,400,,0,09:57:27.000,2019-09-04,HKG
1202,0005.HK,2019-09-04,09:57:27.231,56.7,2000,,0,09:57:27.000,2019-09-04,HKG
1203,0005.HK,2019-09-04,09:57:27.231,56.7,2000,,0,09:57:27.000,2019-09-04,HKG
1204,0005.HK,2019-09-04,09:57:27.231,56.7,2000,,0,09:57:27.000,2019-09-04,HKG
1205,0005.HK,2019-09-04,09:57:27.231,56.7,2000,,0,09:57:27.000,2019-09-04,HKG
1206,0005.HK,2019-09-04,09:57:27.231,56.7,2000,,0,09:57:27.000,2019-09-04,HKG
1207,0005.HK,2019-09-04,09:57:27.231,56.7,400,,0,09:57:27.000,2019-09-04,HKG
1208,0005.HK,2019-09-04,09:57:27.231,56.7,400,,0,09:57:27.000,2019-09-04,HKG
1209,0005.HK,2019-09-04,09:57:27.231,56.7,2000,,0,09:57:27.000,2019-09-04,HKG
1210,0005.HK,2019-09-04,09:57:27.231,56.7,5600,,0,09:57:27.000,2019-09-04,HKG
1211,0005.HK,2019-09-04,09:57:27.231,56.7,400,,0,09:57:27.000,2019-09-04,HKG
1212,0005.HK,2019-09-04,09:57:27.231,56.7,400,,0,09:57:27.000,2019-09-04,HKG
1213,0005.HK,2019-09-04,09:57:27.231,56.7,4000,,0,09:57:27.000,2019-09-04,HKG
1214,0005.HK,2019-09-04,09:57:27.231,56.7,3600,,0,09:57:27.000,2019-09-04,HKG
1215,0005.HK,2019-09-04,09:57:27.290,56.7,400,,0,09:57:27.000,2019-09-04,HKG
1216,0005.HK,2019-09-04,09:57:27.335,56.7,800,,0,09:57:27.000,2019-09-04,HKG
1217,0005.HK,2019-09-04,09:57:27.692,56.65,400,,0,09:57:27.000,2019-09-04,HKG
1218,0005.HK,2019-09-04,09:57:29.623,56.7,6000,,0,09:57:29.000,2019-09-04,HKG
1219,0005.HK,2019-09-04,09:57:30.630,56.7,1200,,0,09:57:30.000,2019-09-04,HKG
1220,0005.HK,2019-09-04,09:57:30.630,56.7,400,,0,09:57:30.000,2019-09-04,HKG
1221,0005.HK,2019-09-04,09:57:32.941,56.75,400,,0,09:57:32.000,2019-09-04,HKG
1222,0005.HK,2019-09-04,09:57:33.736,56.75,400,,0,09:57:33.000,2019-09-04,HKG
1223,0005.HK,2019-09-04,09:57:36.326,56.7,2000,,0,09:57:36.000,2019-09-04,HKG
1224,0005.HK,2019-09-04,09:57:36.393,56.7,800,X,0,09:57:36.000,2019-09-04,HKG
1225,0005.HK,2019-09-04,09:57:36.403,56.7,800,X,0,09:57:36.000,2019-09-04,HKG
1226,0005.HK,2019-09-04,09:57:41.587,56.75,400,,0,09:57:41.000,2019-09-04,HKG
1227,0005.HK,2019-09-04,09:57:51.551,56.7,400,,0,09:57:51.000,2019-09-04,HKG
1228,0005.HK,2019-09-04,09:57:54.550,56.7,400,,0,09:57:54.000,2019-09-04,HKG
1229,0005.HK,2019-09-04,09:57:54.550,56.7,4800,,0,09:57:54.000,2019-09-04,HKG
1230,0005.HK,2019-09-04,09:57:57.899,56.7,400,,0,09:57:57.000,2019-09-04,HKG
1231,0005.HK,2019-09-04,09:58:02.260,56.75,2400,,0,09:58:02.000,2019-09-04,HKG
1232,0005.HK,2019-09-04,09:58:02.260,56.75,400,,0,09:58:02.000,2019-09-04,HKG
1233,0005.HK,2019-09-04,09:58:02.260,56.75,800,,0,09:58:02.000,2019-09-04,HKG
1234,0005.HK,2019-09-04,09:58:08.128,56.75,2000,,0,09:58:08.000,2019-09-04,HKG
1235,0005.HK,2019-09-04,09:58:08.128,56.75,1200,,0,09:58:08.000,2019-09-04,HKG
1236,0005.HK,2019-09-04,09:58:08.128,56.75,2000,,0,09:58:08.000,2019-09-04,HKG
1237,0005.HK,2019-09-04,09:58:08.128,56.75,2000,,0,09:58:08.000,2019-09-04,HKG
1238,0005.HK,2019-09-04,09:58:09.444,56.15,12,D,0,09:58:09.000,2019-09-04,HKG
1239,0005.HK,2019-09-04,09:58:12.563,56.3,1,D,0,09:58:12.000,2019-09-04,HKG
1240,0005.HK,2019-09-04,09:58:29.354,56.75,800,,0,09:58:29.000,2019-09-04,HKG
1241,0005.HK,2019-09-04,09:58:30.643,56.7,800,,0,09:58:30.000,2019-09-04,HKG
1242,0005.HK,2019-09-04,09:58:30.644,56.7,400,,0,09:58:30.000,2019-09-04,HKG
1243,0005.HK,2019-09-04,09:58:39.968,56.75,400,,0,09:58:39.000,2019-09-04,HKG
1244,0005.HK,2019-09-04,09:58:45.517,56.7,800,,0,09:58:45.000,2019-09-04,HKG
1245,0005.HK,2019-09-04,09:58:45.625,56.3,68,D,0,09:58:45.000,2019-09-04,HKG
1246,0005.HK,2019-09-04,09:58:46.518,56.75,7200,,0,09:58:46.000,2019-09-04,HKG
1247,0005.HK,2019-09-04,09:58:47.131,56.75,400,,0,09:58:47.000,2019-09-04,HKG
1248,0005.HK,2019-09-04,09:58:55.048,56.7,1200,,0,09:58:55.000,2019-09-04,HKG
1249,0005.HK,2019-09-04,09:58:55.048,56.7,18800,,0,09:58:55.000,2019-09-04,HKG
1250,0005.HK,2019-09-04,09:59:02.487,56.7,2000,,0,09:59:02.000,2019-09-04,HKG
1251,0005.HK,2019-09-04,09:59:02.487,56.7,400,,0,09:59:02.000,2019-09-04,HKG
1252,0005.HK,2019-09-04,09:59:02.487,56.7,2400,,0,09:59:02.000,2019-09-04,HKG
1253,0005.HK,2019-09-04,09:59:02.487,56.7,2800,,0,09:59:02.000,2019-09-04,HKG
1254,0005.HK,2019-09-04,09:59:02.487,56.7,2400,,0,09:59:02.000,2019-09-04,HKG
1255,0005.HK,2019-09-04,09:59:05.617,56.7,400,,0,09:59:05.000,2019-09-04,HKG
1256,0005.HK,2019-09-04,09:59:05.617,56.7,800,,0,09:59:05.000,2019-09-04,HKG
1257,0005.HK,2019-09-04,09:59:05.632,56.7,400,,0,09:59:05.000,2019-09-04,HKG
1258,0005.HK,2019-09-04,09:59:17.291,56.75,1200,,0,09:59:17.000,2019-09-04,HKG
1259,0005.HK,2019-09-04,09:59:19.224,56.2,166,D,0,09:59:19.000,2019-09-04,HKG
1260,0005.HK,2019-09-04,09:59:29.830,56.75,400,,0,09:59:29.000,2019-09-04,HKG
1261,0005.HK,2019-09-04,09:59:29.837,56.75,400,,0,09:59:29.000,2019-09-04,HKG
1262,0005.HK,2019-09-04,09:59:31.065,56.7,800,,0,09:59:31.000,2019-09-04,HKG
1263,0005.HK,2019-09-04,09:59:31.065,56.7,2000,,0,09:59:31.000,2019-09-04,HKG
1264,0005.HK,2019-09-04,09:59:31.066,56.7,400,,0,09:59:31.000,2019-09-04,HKG
1265,0005.HK,2019-09-04,09:59:31.066,56.7,2000,,0,09:59:31.000,2019-09-04,HKG
1266,0005.HK,2019-09-04,09:59:31.066,56.7,800,,0,09:59:31.000,2019-09-04,HKG
1267,0005.HK,2019-09-04,09:59:32.263,56.75,1200,,0,09:59:32.000,2019-09-04,HKG
1268,0005.HK,2019-09-04,09:59:32.263,56.75,800,,0,09:59:32.000,2019-09-04,HKG
1269,0005.HK,2019-09-04,09:59:32.263,56.75,5200,,0,09:59:32.000,2019-09-04,HKG
1270,0005.HK,2019-09-04,09:59:36.333,56.75,1200,,0,09:59:36.000,2019-09-04,HKG
1271,0005.HK,2019-09-04,09:59:50.624,56.75,400,,0,09:59:50.000,2019-09-04,HKG
1272,0005.HK,2019-09-04,09:59:50.624,56.75,400,,0,09:59:50.000,2019-09-04,HKG
1273,0005.HK,2019-09-04,09:59:55.080,56.7,400,,0,09:59:55.000,2019-09-04,HKG
1274,0005.HK,2019-09-04,10:00:01.590,56.7,800,,0,10:00:01.000,2019-09-04,HKG
1275,0005.HK,2019-09-04,10:00:02.598,56.75,3200,Y,0,10:00:02.000,2019-09-04,HKG
1276,0005.HK,2019-09-04,10:00:02.598,56.75,800,,0,10:00:02.000,2019-09-04,HKG
1277,0005.HK,2019-09-04,10:00:02.599,56.75,1600,,0,10:00:02.000,2019-09-04,HKG
1278,0005.HK,2019-09-04,10:00:02.599,56.75,3200,,0,10:00:02.000,2019-09-04,HKG
1279,0005.HK,2019-09-04,10:00:03.362,56.75,800,,0,10:00:03.000,2019-09-04,HKG
1280,0005.HK,2019-09-04,10:00:04.368,56.15,6,D,0,10:00:04.000,2019-09-04,HKG
1281,0005.HK,2019-09-04,10:00:07.519,56.7,800,,0,10:00:07.000,2019-09-04,HKG
1282,0005.HK,2019-09-04,10:00:08.083,56.75,1600,,0,10:00:08.000,2019-09-04,HKG
1283,0005.HK,2019-09-04,10:00:09.802,56.75,1200,,0,10:00:09.000,2019-09-04,HKG
1284,0005.HK,2019-09-04,10:00:17.330,56.7,2000,,0,10:00:17.000,2019-09-04,HKG
1285,0005.HK,2019-09-04,10:00:19.467,56.75,400,,0,10:00:19.000,2019-09-04,HKG
1286,0005.HK,2019-09-04,10:00:19.467,56.75,400,Y,0,10:00:19.000,2019-09-04,HKG
1287,0005.HK,2019-09-04,10:00:30.644,56.75,800,Y,0,10:00:30.000,2019-09-04,HKG
1288,0005.HK,2019-09-04,10:00:30.644,56.75,800,,0,10:00:30.000,2019-09-04,HKG
1289,0005.HK,2019-09-04,10:00:30.644,56.75,800,,0,10:00:30.000,2019-09-04,HKG
1290,0005.HK,2019-09-04,10:00:30.644,56.75,2000,,0,10:00:30.000,2019-09-04,HKG
1291,0005.HK,2019-09-04,10:00:30.644,56.75,400,,0,10:00:30.000,2019-09-04,HKG
1292,0005.HK,2019-09-04,10:00:30.644,56.75,2000,,0,10:00:30.000,2019-09-04,HKG
1293,0005.HK,2019-09-04,10:00:30.644,56.75,400,,0,10:00:30.000,2019-09-04,HKG
1294,0005.HK,2019-09-04,10:00:30.644,56.75,2800,,0,10:00:30.000,2019-09-04,HKG
